4008 5258
528 86 938 180 snuurnrro
998 31 1414 180 annectere.
1644 135 1725 221 245

170 284 957 318 mm
996 287 1787 328 ''mn—a·-

292 426 540 493 suburano
560 419 811 492 ANGELICA.
1155 423 1414 505 SANCTITAS,
1436 427 1615 501 tarsen.

167 589 952 616 -nnnn——an-——fl--ssfl—
993 591 1784 627 uun-mm*-

159 700 418 841 Notandum,
452 698 531 778 quod
551 697 583 760 irr
605 695 786 760 salutatione
807 695 951 778 Angesica
991 695 1175 836 SAnsiitas
1197 717 1254 760 non
1278 697 1307 759 in
1329 721 1411 776 una,
1448 703 1493 767 ves
1516 705 1607 770 altera
1638 708 1819 776 virtutumr

257 782 436 847 additionem
469 781 550 843 issam
581 777 684 841 Sandis
713 781 810 839 Morio
840 779 897 842 dtr.
920 781 950 840 sn
1060 777 1173 852 specie,
1198 778 1242 842 sed
1264 779 1293 840 in
1315 783 1470 864 compseru
1491 788 1624 850 omniunt
1648 790 1675 851 in
1689 791 1780 872 gradu

158 858 242 923 trulla
263 882 381 958 precum
402 861 529 940 sormnsa
549 877 616 924 ante
648 879 754 922 annum
786 858 950 923 MDVIII.
991 855 1107 922 heroico
1128 856 1214 940 usque
1235 858 1270 922 ad
1290 860 1407 925 obitum
1437 869 1657 946 exercitatum,
1693 872 1782 935 consi·

159 943 278 1023 reperiri
301 943 398 1024 inquit
420 942 567 1005 Gronoosos
587 944 618 1004 in
639 943 815 1002 &viariam
848 946 949 1004 Romo·
989 938 1057 1000 ssit.
1081 939 1224 1004 Benedidi.
1245 941 1333 1004 XIV.
1355 959 1430 1018 tom,
1455 967 1484 1009 2.
1506 949 1663 1014 constitut.
1679 952 1780 1032 54.in·

158 1047 226 1086 Μ
247 1041 307 1107 cap,
327 1025 425 1088 xxv,
447 1023 499 1090 sed
520 1040 590 1088 tunc
611 1019 951 1104 temporisusutparicae.
991 1018 1050 1100 cip.
1081 1021 1229 1104 Postquam
1257 1024 1445 1088 intelleximus
1474 1028 1504 1104 §.
1538 1034 1585 1094 26.
1628 1032 1820 1098 saneiranz

158 1103 249 1186 pisse:
272 1105 373 1169 sensio
393 1111 490 1170 Morio
512 1110 608 1165 Moror
627 1106 700 1178 Dei,
722 1125 768 1162 ore
792 1120 843 1182 pro
874 1105 953 1168 nohis
992 1099 1122 1182 alioquin
1143 1103 1269 1186 probatae
1293 1123 1350 1168 non
1368 1107 1781 1196 officiunterrorescircadog·

154 1187 364 1266 peccatoribus.
384 1193 495 1250 Aureo.
519 1183 687 1265 Fratresque
709 1183 844 1250 Minores
871 1187 949 1248 addi.
991 1199 1072 1245 mata
1092 1190 1221 1249 nondum
1243 1187 1279 1250 ab
1300 1186 1427 1252 Eccsefie
1446 1187 1581 1254 definita.
1605 1194 1687 1258 sdern
1707 1194 1781 1260 ibid.

159 1267 229 1332 diss'e
249 1271 345 1350 possea
366 1269 452 1332 verba
474 1266 544 1330 issa:
566 1288 660 1340 nuuc,
684 1264 722 1328 &
744 1263 860 1328 inhore
879 1291 950 1330 mor·
990 1262 1021 1338 §.
1045 1285 1095 1344 31·

159 1353 199 1410 tis
221 1349 329 1427 nostroe
353 1367 385 1412 ut
407 1347 512 1430 sugitur
533 1348 562 1410 in
584 1365 686 1410 eorum
709 1343 860 1410 Breviario
873 1349 952 1413 edito
1033 1343 1129 1408 Sinffl
1150 1345 1326 1412 voessbusssm
1348 1348 1378 1413 sn
1399 1349 1539 1436 primm
1554 1355 1703 1430 ¹Etcsefiir
1725 1377 1777 1422 ΜΕ
1801 1383 1815 1442 3

159 1428 254 1494 Anno
275 1431 413 1493 Muxv.
435 1430 482 1493 sic
503 1429 537 1490 ad
559 1429 674 1492 siteram
698 1426 900 1492 eruditiffimus
913 1433 950 1495 D.
992 1425 1062 1491 vitre
1082 1425 1263 1491 sanfliratem
1285 1473 1295 1502 ,
1331 1451 1382 1494 nec
1403 1435 1577 1517 martyrium
1600 1458 1653 1518 pro
1674 1437 1782 1501 Cbrisii

157 1505 224 1580 sose
285 1513 443 1575 Carasanns
464 1512 496 1574 in
519 1506 679 1586 Ponrffi'cos.
703 1512 823 1571 Romen.
844 1527 949 1575 roma.
994 1508 1114 1571 nomine
1135 1508 1316 1585 toleratum,
1338 1510 1512 1590 indicabat,
1543 1515 1590 1580 sad
1612 1518 1780 1584 christiane

158 1592 208 1652 m,
251 1593 452 1672 v,§‚2„„;‚
991 1587 1185 1673 Religionis,
1217 1610 1281 1672 qua
1311 1593 1414 1673 cuique
1445 1593 1573 1658 fidelium
1613 1601 1782 1664 communis

395 1714 399 1725 .
990 1689 1069 1745 erar,
1093 1669 1289 1752 iutegritatem
1311 1672 1472 1739 declarabat
1493 1698 1502 1738 ι
1523 1681 1588 1760 Qui
1606 1681 1674 1742 olim
1692 1679 1779 1743 chri·

154 1755 950 1811 “············““·““.“““····“““·“““““··“““·
982 1751 1071 1830 flieni
1090 1757 1105 1834 (
1126 1752 1224 1834 iuquit
1244 1754 1412 1836 spondanus
1433 1757 1463 1819 irr
1486 1758 1568 1902 Epir.
1591 1762 1702 1824 Annas.
1726 1760 1778 1824 Ba·

989 1853 1053 1896 ron.
1077 1835 1092 1914 )
1113 1833 1200 1896 iidem
1220 1834 1432 1900 nominabantur
1445 1841 1501 1917 sao
1529 1843 1541 1900 i
1560 1883 1569 1903 .
1605 1841 1684 1904 Hinc
1705 1861 1820 1924 unuao,

153 1861 947 1958 saturanturacunrsrocoruvrersr.
988 1914 1087 1978 Μ,-
1106 1913 1210 1979 „„,„
1231 1935 1282 1998 ,π
1305 1938 1362 1980 „,
1384 1919 1443 1992 ὠ,
1464 1938 1497 1984 ,t
1511 1940 1650 2002 mm,
1670 1941 1779 2004 qm,

848 2045 853 2072 ,
941 2053 948 2070 ,
993 1996 1182 2060 Catacumbia
1202 1995 1384 2073 asseruntur,
1416 1997 1494 2063 sacro
1516 2002 1596 2065 cuitu
1615 2003 1778 2068 donentur.

773 2128 777 2137 .
990 2078 1117 2142 successu
1139 2097 1208 2142 reru
1229 2079 1370 2160 temporis
1389 2080 1486 2146 Suessi
1506 2081 1609 2146 titusus
1629 2085 1664 2147 ad
1695 2103 1778 2167 pecu·
1803 2107 1818 2169 5
1865 2143 1868 2152 .

209 2162 402 2238 Amatitana,
426 2181 489 2242 quar
508 2163 654 2228 Csrtissum
676 2161 842 2242 adputeum
858 2161 947 2233 Jacob
989 2159 1089 2223 siarem
1113 2159 1181 2225 uitae
1204 2158 1423 2223 sandiimouiam
1446 2161 1656 2243 significandam
1687 2184 1777 2230 trans·

229 2243 401 2306 patriarcba
421 2245 566 2326 excepit,
595 2245 627 2306 dt
648 2244 688 2305 ibi
710 2265 728 2305 a
748 2243 863 2304 Christo
886 2240 947 2322 ipso
988 2239 1063 2304 satus
1085 2241 1147 2304 ess:
1170 2243 1290 2302 Domum
1311 2239 1431 2304 obtr'rouir
1450 2243 1512 2321 usus
1541 2247 1555 2324 (
1585 2244 1693 2328 Spond.
1724 2247 1780 2310 soro

154 2322 294 2384 conversa
315 2323 369 2386 suit
392 2367 401 2399 ,
439 2323 565 2388 Pbotina
585 2323 781 2387 communiter
802 2341 948 2402 nuncupa·
988 2322 1037 2381 rit.
1059 2319 1075 2398 )
1094 2338 1126 2380 aa
1146 2321 1193 2382 issi
1212 2322 1399 2385 comemmodo
1417 2321 1515 2386 sanat
1535 2328 1565 2387 ior
1586 2325 1706 2400 Ercsefia
1734 2329 1779 2390 di·

153 2415 223 2474 tut,
246 2401 276 2464 dr
297 2404 332 2466 ab
355 2405 481 2468 Eccsesra
501 2404 551 2468 sub
571 2404 622 2466 tasi
647 2401 794 2475 nomine,
825 2417 858 2463 ut
880 2421 948 2466 vera
988 2417 1127 2472 cenatur,
1149 2405 1199 2483 qui
1219 2405 1393 2464 eminentiori
1416 2403 1619 2487 proberiooique
1643 2409 1781 2490 fulgerent

154 2479 299 2578 Martyr,
325 2505 468 2550 unacum
488 2485 599 2579 duobus
620 2483 689 2546 siliis
711 2483 794 2577 suis,
825 2482 856 2543 dr
884 2481 950 2579 asiis
991 2503 1097 2544 morcon
1112 2481 1318 2577 faossitadioe.
1344 2484 1423 2548 Idem
1446 2483 1517 2547 ibid.
1528 2488 1557 2562 §
1571 2509 1619 2584 ῃ.

152 2565 949 2725 fflbbsdsbsgibtrbltdbrtssbsubobsaNbbrrssss':aboedstss
988 2562 1818 2737 sogssbbtfisbsdsrinbffqbseaurstJsisbofilbdsdrissttbrgdb:6

150 2724 198 2785 die
218 2723 387 2786 Sansiorum
410 2725 542 2788 s‘botina
564 2727 769 2799 Samaritana,
793 2723 895 2805 Josepb
915 2727 945 2788 dr
987 2723 1162 2804 gregarionis
1183 2725 1333 2787 Sacrorum
1358 2725 1502 2820 sirtuum.
1525 2729 1605 2791 Idem
1639 2729 1712 2794 ibid.
1743 2734 1816 2814 §.7

151 2801 284 2867 Vidsoris
306 2805 468 2882 fissorum,
501 2809 631 2888 itemque
653 2805 806 2870 sebastiani
838 2804 945 2880 Ducis,
990 2826 1019 2883 3.
1041 2803 1209 2867 Sandsorum
1233 2805 1354 2868 nomina
1388 2825 1417 2866 tn
1448 2807 1618 2890 Martytoso
1641 2813 1670 2873 io
1703 2811 1774 2877 inse·

152 2884 308 2962 Anatolii,
327 2885 436 2966 Photis,
459 2888 613 2965 Photidis,
639 2885 822 2958 parasceves,
845 2885 943 2968 &Cp
987 2883 1074 2946 tenda
1096 2904 1153 2947 non
1175 2884 1258 2961 sunt,
1280 2885 1332 2948 nisr
1353 2885 1484 2969 publicos
1505 2891 1598 2955 custus
1630 2893 1695 2976 rpsis
1725 2913 1776 2970 per

151 2965 944 3118 sanitatibus⁰³..?.'s¹¹:s.ss'.s‘¹.”i.ss.
984 2962 1774 3134 sisse.stts”si²s³;isr¹..⁶t‘tstrt..wass

149 3073 337 3198 Samaritans
356 3135 481 3200 Photina
500 3135 649 3213 traditur,
672 3135 750 3216 quod
773 3131 833 3215 posi
853 3133 941 3197 Chri·
984 3130 1025 3194 fia
1046 3129 1228 3196 consensione
1249 3134 1387 3215 prassitut
1406 3130 1521 3198 suerit.
1547 3135 1627 3202 Idem
1649 3137 1773 3220 isid.·§.

152 3214 187 3273 sii
210 3212 696 3300 AscensionemaDeoinspirata
716 3235 774 3279 urta
801 3233 868 3278 curn
899 3217 940 3278 ds·
987 3214 1143 3294 15.&rd.
1267 3253 1269 3260 ι

152 3291 338 3358 flisduobus
359 3296 521 3374 suissisiis,
542 3300 721 3380 &quinque
743 3295 798 3360 suia
827 3316 939 3377 perma-
987 3302 995 3314 '
1022 3295 1189 3360 Studiorum
1215 3298 1352 3371 nomina,
1376 3317 1439 3380 qua
1461 3299 1491 3362 in
1513 3300 1668 3365 novissima
1688 3301 1769 3367 Mar·
1793 3309 1814 3368 8

149 3373 215 3448 nit,
238 3373 413 3440 consobrinis
432 3379 643 3462 Carthaginem
675 3380 794 3462 petierit
814 3420 823 3451 ,
842 3377 941 3519 ibicpue
982 3376 1122 3459 tymsogii
1145 3379 1273 3442 Romani
1295 3381 1422 3445 editione
1443 3381 1586 3446 benedicis
1608 3385 1694 3448 xlv.
1717 3384 1770 3458 jus-

147 3472 255 3518 ornnea
284 3457 366 3518 fidem
391 3459 618 3524 Christianorum
641 3461 850 3544 predicantes,
879 3479 941 3544 pu·
984 3453 1014 3519 su
1035 3455 1140 3521 inserta
1160 3457 1275 3524 fuerunt
1298 3480 1499 3525 enumerantur
1520 3463 1676 3529 abeodem
1699 3464 1771 3528 ibid.

149 3534 297 3618 tirnosque
316 3539 457 3618 gentises,
480 3539 555 3608 inter
574 3563 648 3624 quos
668 3542 805 3607 celebrem
830 3539 940 3604 Ducem
982 3539 1011 3615 §·
1033 3542 1062 3599 6·
1086 3559 1115 3620 7.
1137 3539 1167 3603 8.
1191 3542 1280 3620 Gr-o.
1304 3559 1408 3626 nempe
1434 3543 1488 3623 lob
1516 3547 1546 3622 §.
1576 3547 1641 3611 sic.
1673 3545 1770 3611 Serta·

149 3615 346 3680 Sebastianum
370 3637 587 3700 convertentes,
609 3624 648 3688 ob
670 3625 700 3687 id
721 3621 827 3688 suerint
839 3642 942 3686 omnes
982 3618 1095 3684 decima
1115 3621 1161 3685 die
1184 3621 1331 3686 Februarii
1353 3631 1452 3688 Beatus
1481 3629 1626 3706 Gregorius
1655 3633 1694 3690 X.
1718 3627 1773 3692 Die

145 3697 186 3758 ad
207 3698 432 3766 crudelissimum
456 3703 638 3788 Martyrium
659 3703 865 3771 condemnati.
887 3705 939 3766 Vi·
983 3701 1120 3784 vigesima
1141 3702 1264 3786 septima
1286 3705 1400 3788 Aprilis
1419 3712 1507 3768 Beata
1530 3713 1621 3774 zise.
1647 3709 1701 3770 Die
1724 3712 1770 3772 de·

142 3775 185 3839 de
205 3799 294 3845 omne
314 3784 483 3848 acerbissimi
505 3787 639 3869 martyrii
659 3807 748 3870 genus
768 3785 843 3870 apud
873 3785 938 3848 bos·
981 3782 1059 3848 cima
1079 3785 1159 3847 Maii
1181 3789 1281 3849 Beatus
1302 3791 1434 3850 Nicotaus
1445 3787 1626 3872 albergariis.
1646 3790 1705 3854 'Die
1728 3789 1771 3856 ui·

147 3855 283 3926 sandisiaa
303 3865 339 3926 ad
361 3868 437 3930 dserrr
461 3888 508 3929 20.
532 3871 667 3942 Martii,
699 3870 728 3929 dr
750 3867 825 3951 apud
847 3865 937 3930 Cseti-
980 3865 1086 4006 pesrma
1106 3883 1208 3948 quarta
1229 3868 1308 3942 Maii
1331 3875 1431 3930 Bootes
1445 3874 1566 3950 joannes
1594 3875 1629 3933 de
1659 3873 1771 3934 Prode.

144 3955 248 4004 catum
270 3946 341 4007 nesse
361 3947 463 4028 Spirbe
481 3951 559 4012 verb.
580 3953 757 4012 Samaritana
777 3975 796 4010 a
816 3973 844 4010 or.
866 3949 937 4012 821.
1006 3947 1080 4010 rirna
1100 3948 1146 4010 die
1167 3949 1246 4021 Junii
1268 3949 1386 4012 sensitis
1408 3953 1495 4015 Eneco
1516 3953 1629 4017 Abbas.
1652 3951 1707 4016 Die
1729 3951 1767 4017 se·

144 4021 185 4083 ed
207 4024 246 4087 82
270 4067 278 4084 .
299 4025 360 4088 Ubi
381 4049 453 4092 veto
473 4029 655 4095 adserventur
675 4050 775 4096 eorum
793 4027 939 4108 resiquiae,
978 4028 1074 4107 prima
1093 4028 1164 4101 Jusii
1185 4033 1285 4092 Beatos
1304 4032 1468 4096 Benedidius
1488 4039 1544 4098 XI.
1579 4033 1635 4098 ure
1667 4035 1770 4116 vigeb-

143 4102 217 4170 tride
294 4106 370 4169 saud.
404 4112 461 4172 soro
480 4113 530 4173 eis.
551 4137 578 4174 ιι.
600 4113 629 4173 8.
653 4113 737 4174 Plura
757 4109 813 4173 asia
834 4111 943 4175 adrem
986 4128 1034 4170 ma
1059 4108 1223 4174 Decembris
1242 4113 1272 4174 S.
1294 4117 1459 4178 Dominicus
1478 4119 1513 4178 de
1533 4117 1610 4195 sryso
1630 4160 1639 4179 .
1657 4117 1702 4180 'Et
1724 4113 1815 4198 subp

142 4185 181 4248 de
205 4185 387 4251 Samaritana
408 4191 554 4269 Pbotina,
575 4193 642 4256 vide
661 4193 736 4277 apud
769 4191 888 4255 Casmer
911 4195 940 4255 in
982 4189 1013 4266 §.
1037 4191 1320 4270 irradiarentur,
1342 4197 1382 4263 ab
1401 4211 1488 4278 quant
1510 4196 1616 4280 possint
1638 4196 1667 4259 sn
1689 4195 1773 4260 Mar-

143 4265 332 4335 Disiionatio
354 4272 433 4338 verb.
455 4271 607 4352 Pborina,
639 4273 671 4337 dt
701 4272 782 4340 verb.
817 4276 938 4337 Someti-
981 4271 1131 4358 tyrosogio
1153 4272 1235 4339 inseri
1256 4277 1345 4339 etiam
1368 4278 1489 4342 nomina
1509 4278 1673 4360 aliquorum
1696 4277 1765 4341 bea·

142 4367 238 4415 reno.
853 4415 859 4422 ,
979 4369 1108 4426 torem,
1152 4355 1183 4418 dr
1214 4356 1335 4420 adduflo
1364 4380 1399 4422 ex
1427 4358 1564 4442 Teosogo
1608 4359 1770 4439 Raynaudo

980 4453 1046 4498 rom.
1072 4437 1118 4498 rbt
1134 4438 1246 4516 suorum
1267 4441 1387 4536 Operum
1403 4459 1470 4524 pag.
1495 4461 1560 4520 500.
1573 4437 1650 4518 quod
1661 4441 1769 4502 Nomen

979 4535 1082 4598 qaoque
1104 4521 1296 4603 Martyrosogt'r
1316 4565 1324 4595 ,
1347 4527 1421 4603 qued
1441 4524 1507 4584 osr'm
1522 4519 1639 4599 [mabar
1657 4516 1771 4582 dumu-

984 4597 1208 4664 assisinorum
1229 4600 1390 4669 Sardoum
1411 4609 1599 4682 Martyrum,
1633 4621 1705 4665 ›rurrc
1725 4623 1772 4664 ea·

227 4671 319 4738 Tou·
338 4677 430 4744 Vssl.
1467 4685 1501 4758 Q
1679 4700 1737 4744 teor·
