3996 5260
229 377 277 424 eor
404 355 455 428 los
475 353 592 448 adrem
616 351 724 447 suam,
753 371 805 415 nec
834 351 937 447 julium
960 349 1017 426 esi,
1059 347 1273 446 florenorum.
1295 347 1343 445 sie
1364 347 1514 431 Valqoez,
1537 351 1639 432 Lego,
1663 349 1857 449 lllsungconu

228 433 557 584 {mutassis
582 429 1021 579 ltlzisnts‘idsss
1062 429 1612 606 inssi,liuttn'ttlielis‘
1628 431 1855 594 ltri‘inx

232 614 313 677 ture,
334 597 412 682 qood
433 598 489 662 fine
510 592 601 660 tantis
634 593 789 678 expensis,
820 593 850 656 dt
881 613 948 658 exce
971 611 1021 660 tvo
1062 591 1141 674 quod
1162 591 1184 654 si
1203 590 1327 654 Debitor
1348 611 1382 654 ex
1405 589 1561 687 desidioin
1594 593 1721 674 expensis
1750 593 1855 660 sacien-

234 683 343 745 damno
364 695 488 761 nequeat
510 677 678 741 rellitnere.
1062 674 1123 748 dis,
1145 691 1204 756 pro
1219 671 1399 736 reslitutiorre
1420 691 1460 736 tex
1481 670 1581 736 altene:
1601 674 1729 756 patiatur
1761 673 1857 740 solum

198 783 214 844 ς
279 761 406 826 Secunda
426 759 577 842 benignior
599 755 739 820 sententia
759 753 886 820 defendit
914 755 1026 821 debito·
1065 755 1205 818 damnum
1227 750 1356 834 equale,
1378 751 1425 818 vel
1446 753 1527 837 qoud
1555 754 1691 837 equale,
1721 772 1772 820 aut
1802 755 1856 821 ali·

237 863 297 906 rem
319 863 355 906 ex
377 840 562 904 delictorem
585 838 677 903 teneri
699 835 947 901 adrellitttendom
969 835 1025 899 im·
1065 835 1183 918 quando
1215 833 1334 910 majus,
1366 852 1454 912 quam
1486 834 1616 918 patiatur
1646 835 1797 900 Dominus
1822 860 1858 903 ex

235 922 362 987 mediate
384 921 537 996 Domino,
560 915 606 983 seu
627 919 792 994 creditori,
814 917 834 979 sr
854 917 941 1002 louge
962 939 1024 980 me·
1063 914 1195 980 carentia
1213 914 1253 980 rei
1275 912 1355 991 suae,
1388 914 1444 980 srne
1463 913 1552 982 dubio
1581 915 1674 982 adlruc
1708 918 1856 1001 obligatur
1919 979 1924 990 ,

236 1007 313 1082 iores
333 1003 388 1066 fint
410 1000 560 1099 necsssario
580 998 723 1094 facunda·
746 995 899 1094 expense,
935 1019 1024 1082 qoam
1071 997 1106 1060 ad
1130 994 1354 1094 restituendum:
1462 1075 1470 1094 ο

233 1081 700 1268 tt¹iseltdflslill,⁵,ts
715 1078 1029 1226 inssisti?
1067 1077 1218 1240 ,effulsi
1234 1075 1381 1222 ‘iiiiii
1395 1076 1621 1255 sillisldei
1640 1079 1924 1226 liiidaqillf

236 1267 303 1312 nem
325 1242 472 1342 quousque
501 1242 621 1326 superest
651 1241 712 1325 spes
741 1241 951 1307 commodioris
979 1261 1026 1306 oc-
1070 1261 1170 1302 mnum
1193 1239 1223 1302 itr
1244 1239 1374 1322 exptnfis
1391 1237 1530 1304 sactendts
1560 1241 1670 1324 supetat
1701 1239 1793 1306 solum
1825 1243 1857 1306 in

235 1329 355 1391 oasoms
374 1325 410 1390 ed
433 1323 665 1396 restituendum
698 1321 795 1386 ablata
826 1337 922 1387 autern
944 1325 1028 1386 omni
1069 1320 1157 1402 duplo
1176 1321 1315 1384 damnum
1338 1319 1521 1400 creditoris,
1544 1336 1614 1385 tunc
1634 1321 1727 1386 adbuc
1742 1339 1854 1387 tenetur

235 1407 284 1492 spe
304 1405 467 1472 commoda
495 1405 651 1469 occasionis
680 1403 844 1468 tellitoendi
874 1404 1024 1482 Domino,
1069 1401 1191 1465 Debitor
1211 1423 1247 1465 ex
1269 1399 1375 1464 delicto
1395 1399 1538 1468 reslitnete
1560 1401 1709 1480 Domino,
1733 1404 1779 1468 serr
1790 1405 1857 1468 Cre·

236 1509 298 1554 rem
328 1487 382 1554 esse
416 1485 616 1550 restituendam
650 1486 709 1559 ejus
738 1483 880 1566 proximis
909 1481 1026 1548 consan-
1067 1483 1155 1546 ditori
1179 1479 1371 1545 immediate.
1393 1481 1438 1544 Sic
1460 1483 1542 1566 Lego
1563 1486 1612 1547 cir.
1629 1484 1701 1566 disp.
1732 1485 1855 1565 emsesl.

277 1570 379 1644 ineis,
409 1565 457 1632 uel
488 1565 664 1639 heredibus,
694 1565 725 1626 bt
753 1566 783 1626 in
815 1567 924 1630 horum·
951 1564 1025 1631 dese·
1067 1564 1096 1625 8.
1118 1584 1193 1627 nem.
1219 1583 1285 1642 190.
1309 1561 1702 1629 mamistanensem.
1726 1566 1795 1646 368.
1828 1567 1858 1629 lit

236 1593 317 1714 Duum
339 1647 531 1732 pauperibus:
555 1647 601 1710 sic
623 1648 651 1710 8.
744 1663 805 1709 mae
828 1667 855 1708 2.
883 1669 911 1709 2.
933 1651 1025 1728 qest.
1067 1644 1141 1721 alii,
1160 1665 1226 1727 quae
1245 1641 1402 1714 sententia,
1426 1661 1457 1706 ot
1478 1643 1548 1709 dicit
1568 1645 1673 1729 Sporer
1692 1647 1744 1712 see.
1778 1649 1858 1709 citat.

236 1728 679 1812 arr.5.od3.8cotusirr4.dr)i.
737 1727 855 1810 .qnaesi.
878 1747 906 1791 2.
926 1746 983 1790 arr.
997 1749 1028 1804 4.
1070 1733 1148 1788 num:
1171 1732 1237 1788 160.
1260 1725 1297 1788 esi
1319 1722 1493 1806 speculative
1523 1727 1652 1790 omnino·
1679 1725 1856 1809 probabitis,

240 1814 345 1894 Sporer
365 1809 561 1873 seminarum.
584 1811 651 1870 rde.
673 1829 739 1871 cum
761 1807 827 1873 aliis
848 1807 891 1870 ibi
909 1808 1026 1882 citatis,
1068 1807 1156 1886 quia,
1179 1807 1278 1868 dicunt
1301 1805 1369 1887 ips,
1390 1825 1457 1870 cunr
1481 1804 1604 1874 Debitor
1624 1806 1658 1870 fit
1678 1825 1803 1884 nocens,
1826 1808 1860 1869 dt

239 1893 271 1956 δι
292 1890 411 1974 plurimi
432 1888 504 1967 alii,
525 1907 599 1975 quos
618 1905 799 1970 congerunt,
821 1890 851 1952 te
874 1887 1028 1972 sequuntur
1052 1889 1204 1952 -creditor
1225 1887 1379 1961 innocens,
1401 1884 1490 1970 duplo
1512 1891 1606 1963 major
1626 1888 1666 1952 est
1688 1888 1793 1965 ratio,
1824 1905 1861 1958 ux

239 1972 361 2037 Melina
380 1971 453 2054 disp.
475 1991 544 2050 752.
564 1971 696 2052 Layman
715 1967 779 2032 libr.
804 1991 831 2053 3.
851 1969 886 2031 de
910 1968 1030 2050 Juflr'er'ae
1071 1969 1198 2051 patiatur
1220 1985 1325 2030 nocens
1347 1967 1488 2045 Debitor,
1509 1989 1597 2050 quant
1621 1970 1758 2032 innocens
1788 1967 1858 2032 Cte-

239 2053 320 2117 ttasl.
343 2073 371 2116 a.
392 2067 452 2134 cap.
477 2070 523 2113 to.
546 2050 581 2110 de
600 2051 712 2130 vellitur.
734 2073 836 2112 numer.
860 2073 889 2127 e.
922 2049 1029 2114 Lectus
1068 2050 1175 2122 diter3
1205 2049 1363 2132 adeoque,
1395 2071 1429 2112 ne
1450 2049 1577 2132 patiatur
1607 2049 1742 2144 Creditur
1772 2047 1859 2143 inno:

240 2133 291 2198 h'b.
317 2156 346 2196 a.
368 2151 427 2216 cap.
448 2135 476 2192 6.
497 2129 564 2192 dub.
585 2132 616 2195 8.
639 2131 787 2196 Donaeina
805 2132 879 2215 disp.
904 2133 1028 2194 adere-
1069 2152 1166 2207 cens,
1202 2150 1260 2191 norr
1292 2127 1385 2193 solum
1420 2131 1506 2195 deber
1523 2151 1626 2196 nocens
1649 2129 1772 2191 Debrtor
1792 2145 1857 2210 patr

233 2217 327 2297 flirer.
348 2237 395 2296 ser.
421 2234 446 2290 ς.
469 2210 533 2275 Vas
552 2233 604 2276 uea
621 2215 657 2277 de
679 2213 792 2291 restitut.
815 2237 876 2276 ea.
901 2210 1028 2278 sordui.
1069 2213 1100 2276 itt
1122 2211 1247 2294 expensis
1268 2211 1429 2274 necessariis
1449 2229 1502 2294 pro
1523 2210 1697 2276 rellitutinne
1725 2205 1862 2272 facienda

245 2317 272 2358 t.
293 2318 369 2359 num.
395 2316 442 2375 27.
463 2295 541 2356 Tam
564 2295 637 2358 urin.
659 2293 757 2358 ΗΜ.
778 2313 824 2357 tta
854 2316 911 2372 ,4.
930 2313 1029 2378 ιαμ.
1072 2295 1211 2357 damnum
1233 2290 1367 2376 aequale,
1401 2290 1554 2356 sedetiam
1576 2293 1664 2374 dupio
1685 2291 1807 2364 majos,
1839 2287 1864 2350 fi

240 2379 271 2451 §.
292 2377 323 2439 8.
343 2401 418 2440 narn.
440 2398 474 2451 4..
492 2375 522 2438 δι
542 2375 614 2454 alil,
635 2375 739 2457 quibos
760 2375 791 2440 δι
811 2397 863 2442 nos
884 2374 1030 2441 subscribi·
1073 2388 1187 2454 tantum
1211 2371 1244 2437 srt
1267 2372 1448 2438 necessarium
1470 2393 1523 2456 pro
1545 2371 1727 2436 tellitotioue
1756 2367 1860 2432 sacien-

244 2478 309 2520 mus
319 2483 334 2530 ,2
356 2459 397 2520 Et
418 2456 576 2533 ratioeli,
597 2457 668 2536 quia
687 2457 801 2528 Jullitia
821 2479 880 2524 non
902 2457 1031 2522 aduers-
1072 2457 1109 2520 de
1131 2455 1297 2518 immediate
1320 2455 1372 2538 ipsr
1392 2453 1537 2519 Creditori
1554 2451 1729 2518 muntenni.
1763 2531 1771 2546 ι

242 2555 290 2601 tur
311 2536 459 2610 Caritati,
479 2556 542 2596 nec.
562 2537 642 2599 resia
670 2538 806 2611 rationi,
826 2560 893 2603 conr
916 2539 1032 2604 Caritas
1115 2541 1170 2599 Deo
1186 2534 1350 2600 definienda
1369 2551 1468 2600 tamen
1487 2536 1659 2619 quantitate
1674 2532 1774 2598 dumm
1795 2548 1858 2596 tarn
1881 2523 1904 2586 8

242 2617 276 2679 tit
309 2612 376 2678 finis
407 2613 543 2676 omnium
572 2617 748 2689 virtutum,
781 2619 810 2680 dt
841 2619 919 2680 tedia
956 2618 1032 2680 ratio
1074 2617 1237 2682 Creditoris
1259 2616 1448 2694 innocentis,
1478 2638 1566 2700 quam
1590 2616 1735 2680 Debitoris
1756 2631 1861 2696 nocen-

240 2713 361 2760 umttem
382 2695 525 2756 uirtutem
544 2693 680 2772 dirigam
712 2695 805 2774 Atqui
835 2697 979 2771 Caritas,
1000 2697 1031 2759 br
1071 2700 1128 2773 tis,
1152 2697 1197 2760 seu
1218 2698 1332 2773 iniusti,
1354 2717 1411 2760 non
1433 2697 1470 2761 eil
1492 2697 1695 2762 attendendum
1718 2696 1862 2757 damnum

240 2777 322 2842 tedia,
338 2775 414 2839 tatio
436 2771 545 2850 elidat,
566 2771 647 2852 quod
667 2772 811 2839 Dominus
833 2821 842 2852 ,
865 2776 910 2840 seu
931 2778 1028 2842 Credi·
1071 2777 1217 2859 ntriusque
1247 2777 1375 2846 absolute
1405 2778 1623 2854 materialiter,
1645 2778 1676 2840 δι
1697 2771 1862 2840 aritlrnreti»

240 2874 373 2954 tortuose
393 2852 694 2948 debeamus-posset
715 2855 926 2922 racionabiliter
957 2857 1032 2955 velle
1073 2881 1126 2958 ce,
1149 2860 1345 2958 computande
1367 2858 1475 2954 scilicet
1494 2857 1626 2954 expensae
1643 2856 1863 2953 faciendascunt
1986 2897 1987 2906 η

242 2931 697 3111 {tlffldsldlnl‘itls
719 2935 912 3093 ‘tidelis
925 2961 1033 3085 dds}
1074 2936 1888 3105 isselffl'nrnsbldls‘mistrinis:-

244 3121 294 3184 per
315 3097 497 3193 expensae'tn
520 3096 633 3177 trtplo,
651 3098 1030 3193 quadruplonquinruplo,
1074 3115 1216 3182 quantum
1238 3101 1276 3161 esi
1297 3099 1465 3180 Debitum,
1501 3125 1531 3167 v·
1554 3123 1596 3184 gr.
1619 3098 1861 3196 millenexpende·

243 3187 290 3278 &.
310 3181 435 3261 amplius
464 3177 634 3272 excedenms
662 3177 760 3272 ipsum
778 3179 937 3274 demtum:
961 3183 1035 3278 Quis
1075 3203 1133 3255 re,
1171 3196 1204 3244 ut
1225 3180 1353 3278 restituat
1375 3183 1457 3248 mille
1487 3183 1584 3248 debita
1599 3203 1640 3278 ‘ex
1661 3181 1766 3266 delusio
1784 3176 1866 3254 ,sed

242 3257 892 3431 gl?‚¹²3²stldtd'zlels'ssn‘
909 3262 1036 3419 llil}
1076 3257 1868 3420 ills,bffldlssmiettltsslns{illi

246 3443 304 3486 noo
338 3417 439 3511 potest·
466 3417 537 3480 tllud
566 3419 602 3481 ad
633 3417 794 3483 Dominum
824 3423 959 3499 mittere,
982 3424 1037 3487 nist
1075 3423 1188 3488 llitot-io
1210 3423 1356 3500 fiat,›vel
1374 3443 1431 3488 non
1453 3423 1505 3490 liet
1525 3421 1864 3506 excirctrmssantiisper·

243 3502 376 3575 decem,
409 3498 547 3580 viginti,
575 3501 606 3562 δι
625 3501 662 3563 tr'
687 3502 749 3565 inta
769 3480 862 3567 milia
883 3524 1032 3570 aureorum
1077 3505 1208 3570 sonarum
1232 3504 1340 3602 magis,
1364 3504 1527 3571 velminus
1548 3507 1676 3570 diuitum
1696 3551 1706 3583 ,
1730 3515 1816 3568 aute

244 3581 406 3665 expendat,
430 3579 644 3646 adbuc'debeat
655 3521 734 3648 spbaec
763 3589 867 3649 omnia
893 3587 1033 3671 expende·
1076 3605 1200 3659 narum
1222 3585 1300 3648 Pieri
1322 3586 1401 3649 etaim
1424 3589 1515 3669 poresl
1536 3633 1544 3663 ,
1568 3605 1601 3653 ut
1620 3589 1759 3651 damnum
1783 3589 1824 3647 mi
1835 3587 1868 3646 le

246 3683 295 3738 re,
317 3665 369 3728 nist
392 3661 536 3726 Dominus
557 3660 714 3727 liberaliter
736 3666 923 3742 consentiat,
956 3666 1034 3748 quod
1079 3669 1267 3730 florenorum
1291 3665 1584 3747 respedlu‘Debitoris
1595 3668 1737 3812 ἱῇαιιροτίε
1759 3665 1867 3730 strlou·

242 3741 302 3814 aliu
324 3743 411 3807 modo
434 3743 695 3818 restituendarum
716 3747 1032 3827 proximis'eiua-con·
1076 3771 1110 3829 ge
1133 3749 1225 3820 majos
1252 3790 1262 3821 ,
1293 3765 1379 3842 quam
1402 3749 1540 3812 damnum
1564 3773 1591 3811 m
1629 3772 1645 3814 e
1675 3751 1868 3812 Florenoruur

244 3821 425 3904 sanguineis,
445 3827 492 3889 tel
514 3823 696 3899 heredibus,
722 3827 752 3887 dr
783 3827 814 3888 in
834 3827 939 3890 horum
961 3825 1032 3891 dese
1077 3825 1200 3902 respectu
1222 3827 1385 3891 Ctedrtorie
1404 3829 1523 3906 divitis,
1545 3832 1576 3894 be
1597 3832 1661 3897 vice
1696 3827 1775 3895 verser
1797 3873 1807 3902 ,
1831 3847 1870 3894 eo

245 3905 321 3970 etum
339 3903 538 3986 pauperibus?
560 3905 694 3986 adeoque
712 3905 771 3967 &o
799 3905 830 3967 si
865 3922 962 3969 tamen
984 3929 1032 3971 ex·
1074 3907 1151 3989 quod
1173 3926 1243 3969 onus
1301 3911 1508 3986 rdamnum,
1541 3909 1587 3974 seu
1607 3911 1744 3986 jastutam
1768 3910 1868 3972 Flore-

206 3983 336 4066 spe-nso
356 3985 509 4050 necessariae
530 4005 584 4068 pro
616 3983 743 4048 sacienda
771 3984 950 4050 restitutione
981 3987 1034 4051 fior
1076 4005 1179 4050 trorum
1211 3987 1263 4050 mil
1277 4011 1296 4052 e
1324 3989 1358 4052 srr
1386 3991 1583 4065 conjiciendus
1614 3995 1644 4054 in
1686 3989 1867 4055 miseriorem

245 4081 361 4130 tantum
384 4063 467 4134 semel
490 4069 584 4140 majos
604 4064 770 4142 damnum,
802 4085 890 4146 quam
922 4065 1034 4131 summa
1070 4069 1197 4148 flerem,
1221 4069 1404 4150 qrramalter
1425 4091 1475 4155 per
1495 4071 1670 4150 damnum,
1701 4071 1747 4136 feu
1778 4071 1866 4145 iaetu

88 4201 90 4208 .
246 4144 444 4222 restituenda,
476 4163 546 4210 tunc
578 4147 702 4212 Debitor
735 4167 769 4210 ex
792 4145 898 4209 delisio
919 4165 1034 4214 tenetur
1074 4169 1136 4211 ram
1160 4149 1352 4217 florenorum
1374 4153 1471 4217 decern
1493 4153 1645 4218 millium:
1668 4152 1866 4218 UndesrCre·

131 4291 133 4295 ,
244 4247 310 4290 uum
332 4225 439 4292 talibus
456 4228 584 4310 expensis
606 4227 780 4292 tellituere:
812 4227 895 4290 Unde
918 4230 968 4309 qni
990 4229 1032 4294 su·
1074 4229 1152 4292 ditor
1174 4229 1206 4292 set
1227 4229 1326 4309 diues,
1349 4231 1474 4298 Debitor
1493 4252 1594 4301 auton
1614 4236 1781 4320 setpauper,
1805 4254 1867 4298 non

245 4327 323 4372 ratus
343 4307 381 4372 est
402 4329 430 4371 ve
452 4331 481 4390 g.
504 4327 619 4380 centurn
643 4311 801 4384 florenos,
824 4323 937 4372 tenetur
960 4311 1037 4394 ipsos
1075 4328 1188 4375 tenetur
1221 4309 1342 4378 Debitor
1375 4332 1482 4398 pauper
1513 4317 1660 4382 restituere·
1696 4313 1867 4380 immediate

245 4390 418 4462 restituere,
448 4389 586 4471 quamtis
606 4410 658 4472 pro
680 4391 745 4472 ipsrs
773 4389 980 4467 restituendis,
1003 4393 1034 4455 dr
1076 4393 1127 4475 ipsr
1149 4389 1296 4455 Creditori
1317 4393 1422 4471 diviti,
1443 4397 1583 4478 quamvis
1609 4398 1705 4462 multo
1739 4398 1872 4460 minores

243 4467 471 4541 transmittendis
490 4470 526 4534 ad
548 4469 710 4544 Dontioum
733 4470 847 4535 deberet
876 4474 1037 4555 expendere
1075 4471 1211 4556 expensas
1230 4469 1321 4536 secere
1343 4477 1464 4552 debeat,
1487 4497 1574 4560 qoam
1596 4479 1726 4544 debitum
1749 4478 1866 4550 valeat,

249 4551 322 4615 alios
342 4567 459 4616 centurn
492 4551 635 4616 Florenos
665 4574 681 4615 e
711 4550 798 4626 suis,
829 4554 898 4633 quia
919 4573 1031 4634 aeqoum
1074 4575 1140 4618 cum
1170 4552 1296 4633 expense
1327 4557 1409 4618 verbi
1459 4577 1482 4616 r.
1511 4577 1629 4624 centum
1673 4561 1866 4625 florenorum

250 4631 312 4707 til,
335 4648 367 4699 nt
388 4630 437 4700 ille
457 4633 571 4721 potius,
592 4629 643 4717 qui
666 4634 801 4710 injurient
822 4631 889 4710 iecit
908 4679 917 4714 ,
938 4653 1030 4718 quam
1073 4634 1141 4701 sunt
1161 4636 1418 4712 mumadamruruu
1436 4579 1561 4708 dubitati
1597 4643 1715 4726 pauperi
1735 4659 1867 4790 ,equam

1783 4742 1825 4786 re·
