4008 5258
670 35 1425 186 auunacm²
1685 133 1765 194 m

185 230 232 280 eet
254 211 309 279 Pto
328 201 455 296 temporit
473 207 671 290 opportmirate
689 204 796 267 dicet.
827 203 934 268 Hermo
955 206 975 266 l.
1016 223 1079 270 rem
1099 207 1331 290 purificatione,
1360 204 1570 289 &digitorum
1592 213 1741 284 ablutione
1762 222 1806 285 ori
1856 191 1896 242 s

179 301 235 360 eir.
257 298 365 380 resolui.
385 313 416 368 4.
438 286 550 352 Aversa
577 286 609 350 d.
635 307 682 348 rr.
701 284 768 364 [eil.
794 305 849 346 aa..
869 289 901 364 §.
931 291 976 349 Se·
1019 287 1078 351 sola
1098 309 1191 370 aqua,
1213 287 1259 354 vel
1281 287 1343 350 solo
1362 287 1450 362 rino,
1475 293 1663 370 probabiliter
1683 301 1803 381 nequi·

180 383 292 462 prim,
313 370 443 439 Getasa
460 373 489 432 itt
505 372 591 452 petrei
611 366 665 430 lib.
689 389 716 429 2.
734 366 846 447 seilicet.
867 389 895 447 7.
916 385 976 451 rap.
1014 370 1078 433 dem
1102 387 1249 454 percarum
1273 366 1386 434 reniale
1405 369 1444 432 eli
1465 413 1474 445 ,
1505 375 1575 451 quia
1595 376 1801 445 Rubricatum

191 481 218 524 t.
240 458 344 534 Quarti
366 455 388 515 l.
411 475 433 514 e.
451 469 513 532 par.
540 469 569 511 e.·
589 451 667 511 titel.
695 470 720 512 1.
726 449 838 527 leiiiotr.
864 469 889 510 r.
904 448 977 511 deb:
1014 451 1130 515 videtur
1159 451 1331 533 praeceptiva
1364 453 1438 513 circa
1468 449 1701 533 purificationem
1722 505 1737 536 ,
1772 465 1803 526 ὰ

183 562 215 615 4·-
234 543 264 603 dr
286 538 293 554 '
328 559 355 602 o.
370 535 438 598 tesle
459 530 511 593 alii
531 529 727 594 commmriter
748 575 757 591 .
779 531 859 592 idem
879 531 973 594 dicen·
1014 533 1196 596 ablutionem
1218 553 1284 595 cum
1306 530 1396 602 uino,
1419 533 1556 612 litaque,
1576 540 1800 619 quamvisenim

182 625 253 683 dum
275 643 298 691 ι,
333 617 368 681 de
389 615 516 696 Hymno
536 613 707 687 Beadicite,
729 614 760 676 br
783 610 972 674 Psalmlau·
1015 613 1196 696 precipiatur
1256 610 1398 687 rificatio,
1419 614 1450 674 bc
1468 613 1598 688 ablutio,
1622 641 1680 694 non
1704 637 1802 688 tamen
1846 654 1851 676 .

180 702 277 776 date,
309 701 340 762 δι
361 697 427 758 aliis
450 693 580 775 precibus
600 713 653 776 pro
673 694 830 776 gratiarum
861 692 976 756 afflone
1014 695 1181 775 praecipitor
1202 693 1285 757 iliua
1303 693 1403 756 roudus
1426 736 1435 754 .
1457 695 1502 754 Sic
1526 696 1664 765 Doctores
1685 703 1800 778 citati,

182 785 247 862 posi
271 779 393 844 Missam
415 777 529 839 recitari
550 773 669 837 solitis.
692 773 809 835 Bonarr.
830 774 972 852 dulitstffa
1013 775 1239 838 &altimetra
1271 774 1348 838 alios
1375 774 1561 857 probabiliter
1592 798 1722 846 tenentes
1750 785 1802 849 elle

180 863 235 928 lib.
259 883 286 923 2.
308 864 394 942 capit.
420 879 466 936 34.
488 857 532 918 ba
562 855 654 920 Croitr
689 857 745 916 loco
764 857 843 920 citat.
866 877 970 916 numer.
1012 873 1162 939 peccatum
1183 857 1321 921 reniale.
1825 877 1827 880 ·

78 987 101 1045 s
154 986 157 992 2
182 965 255 1023 4¹4·
277 940 461 1017 Quarti-ber
486 941 565 998 riter.
580 953 658 1019 part.
680 955 708 996 2.
730 939 814 999 tr'trtlo
836 957 883 1000 ιτ.
903 933 971 998 deb.
1053 937 1169 1001 Addere
1190 938 1219 999 in
1242 935 1491 1000 SacrificioMilsae
1512 941 1625 1022 aliquid
1645 947 1728 1012 valde
1750 969 1799 1012 no·
1825 973 1861 1036 25

73 1047 78 1057 ¹
183 1047 213 1108 3.
236 1026 266 1086 bc
288 1023 340 1085 alii
362 1019 491 1104 posim,
521 1017 572 1097 qui
604 1037 705 1082 omnes
726 1035 825 1081 tamen
856 1015 971 1081 cooelo·
1013 1019 1103 1082 tabile
1124 1006 1200 1084 etism
1219 1039 1283 1094 ea,
1319 1039 1382 1100 quae
1403 1020 1432 1082 ia
1453 1021 1586 1089 Robricis
1618 1027 1800 1108 ptaesctibun.

184 1107 258 1169 dunr
278 1147 292 1180 ,
310 1102 469 1166 consultum
491 1099 542 1161 elle
565 1097 638 1180 ipsas
659 1098 778 1163 recitare
800 1116 860 1160 cam
883 1114 969 1172 anre,
1012 1116 1092 1175 tort,
1112 1121 1272 1180 exgenere
1294 1097 1343 1162 sno
1365 1099 1572 1184 eiipeccatum
1596 1109 1748 1184 mortale,
1771 1111 1802 1182 da

182 1205 270 1270 quam
293 1185 353 1268 poll
375 1179 594 1266 celebrationem
618 1177 732 1256 Mine,
752 1178 881 1262 aliasque·
899 1178 972 1242 lenn-
989 1223 993 1228 -
1012 1180 1132 1262 quidem
1152 1181 1299 1262 gravius,
1328 1173 1546 1264 poenalique
1568 1188 1650 1251 valde
1670 1189 1800 1257 notabile

185 1269 226 1331 lec
248 1285 303 1349 pro
322 1263 476 1328 decorione
496 1259 709 1324 sacerdotum.
776 1284 781 1290 ·
1014 1261 1170 1336 omittere,
1193 1263 1262 1342 qaia
1284 1259 1312 1322 id
1332 1260 1482 1344 eapreffiot
1497 1266 1666 1345 prohibetur
1687 1271 1716 1333 in
1734 1271 1801 1334 Bul·

121 1357 169 1416 ’π
227 1349 371 1419 maome
393 1345 545 1408 ''lotionern
576 1340 718 1404 omittere
743 1359 809 1406 anre
846 1341 968 1405 celebra·
1011 1342 1039 1404 la
1059 1343 1154 1406 Sancii
1176 1342 1220 1403 Pii
1242 1345 1282 1405 V.
1296 1339 1433 1422 incipiet.
1476 1352 1649 1444 caprimum
1672 1352 1699 1412 in
1722 1352 1800 1434 prin·

150 1421 409 1496 'tionem'Misia
439 1441 587 1507 peccatum
618 1421 732 1486 veniale
762 1426 832 1498 eli,
863 1422 970 1504 sripsae
1010 1424 1088 1506 cipio
1111 1421 1239 1486 Misialis
1265 1422 1426 1504 imprella,
1523 1449 1555 1490 nr
1575 1429 1715 1496 Concilio
1731 1432 1801 1495 Tri·

183 1531 289 1575 manue
309 1510 363 1572 lint
384 1505 569 1578 immunda,
602 1523 668 1566 cunr
692 1505 719 1564 id
741 1502 828 1566 saciat
848 1505 969 1584 singula·
1011 1505 1130 1568 dentino
1145 1504 1273 1586 [eliam
1295 1507 1489 1566 inflectendo
1508 1507 1719 1586 obser-uaed&
1740 1519 1799 1578 evi»

185 1595 255 1657 riter
284 1592 318 1653 ad
348 1587 538 1651 reverentiam
568 1583 740 1647 Sacrificii.
787 1587 834 1647 Sic
866 1587 970 1648 docent
1010 1585 1089 1648 tatii.
1111 1591 1141 1648 iet
1161 1587 1338 1650 celebratione
1359 1583 1483 1664 Miffet
1512 1590 1592 1654 Tum
1627 1595 1696 1674 quia
1716 1595 1801 1678 culpa

186 1675 269 1738 rnolri
290 1672 363 1754 apud
386 1668 509 1730 Dianam
537 1682 615 1748 part.
649 1665 811 1727 ateana.
837 1687 883 1728 12.
904 1668 988 1748 reso„
1012 1665 1221 1731 commistionis
1241 1691 1276 1730 ex
1297 1688 1397 1748 genere
1417 1665 1466 1730 suo
1496 1671 1621 1751 grauior
1641 1675 1680 1736 esl
1709 1695 1799 1756 qoam

184 1765 234 1814 tet.
261 1773 305 1826 tp.
328 1748 430 1813 Gobat
462 1767 528 1811 tom.
556 1745 767 1830 1.m5at.3.
801 1771 877 1810 num.
899 1748 968 1809 828.
1011 1747 1294 1830 colpaomissrotrio,
1317 1748 1638 1826 quiaincotnmiffione
1674 1753 1798 1820 luctor»

183 1835 214 1896 dt
233 1831 305 1894 alii.
330 1835 433 1895 Immo
453 1829 559 1906 Quarti
579 1831 634 1890 loeo
654 1830 736 1889 citat.
753 1847 829 1910 pert.
853 1849 882 1890 e.
895 1828 968 1907 seii.
1010 1830 1119 1908 cipitur
1137 1829 1172 1892 de
1193 1831 1263 1893 vola
1285 1831 1384 1904 tario,
1404 1849 1497 1909 quam
1515 1832 1543 1892 in
1565 1835 1626 1896 omi
1652 1856 1744 1911 rone,
1767 1838 1799 1900 &

181 1933 208 1976 1.
230 1913 306 1976 titul.
336 1935 360 1977 r.
380 1911 449 1974 dub.
473 1931 499 1991 5.
522 1907 593 1971 dicir
614 1909 666 1973 esse
688 1911 812 1973 mortale
830 1910 970 1974 omittere
1008 1911 1177 2002 additium
1198 1851 1437 1996 magixexposrta
1459 1913 1587 1994 periculo
1607 1916 1736 1992 erroris,
1767 1917 1800 1982 dt
1885 1976 1886 1985 ,

177 1995 288 2059 diilam
309 1995 472 2072 lotionem,
495 1991 514 2052 fi
536 2011 636 2054 marrus
657 1991 711 2055 smt
725 1992 894 2058 notabiliter
915 1992 968 2052 im·
1012 1991 1233 2075 soperslitionis,
1255 2012 1342 2074 quarn
1365 1992 1503 2056 omissio.
1885 2047 1889 2059 .

182 2076 324 2151 munde,
347 2079 378 2138 δι
400 2074 543 2145 sordidae,
564 2074 634 2153 quie
654 2071 682 2134 id
704 2091 832 2216 vergperet
856 2075 885 2134 in
908 2093 968 2134 ma·
1051 2073 1164 2138 Addere
1184 2075 1325 2152 aliquid,
1355 2091 1415 2156 quo
1436 2093 1565 2138 mutetur
1587 2075 1677 2142 sensus
1697 2077 1797 2144 torma
1820 2086 1862 2146 26

118 2197 121 2202 -
177 2177 265 2238 gnam
288 2155 465 2220 sacramenti
489 2153 718 2234 irreverentiam
728 2197 736 2214 .
783 2156 826 2218 osi
847 2155 965 2215 Missam
1009 2155 1262 2228 Conlocationis,
1286 2156 1323 2216 est
1343 2175 1433 2234 grave
1450 2156 1655 2237 sacrilegium,
1676 2161 1707 2222 bt
1727 2176 1797 2224 tunc

177 2256 280 2301 autem
306 2239 444 2300 omittere
477 2233 620 2296 lotionem
643 2250 782 2296 manuum
814 2235 965 2311 nequidem
1007 2256 1068 2296 non
1089 2223 1242 2299 conficitur
1263 2235 1513 2312 Sacramentum,
1546 2255 1577 2300 ut
1601 2240 1621 2302 fi
1649 2241 1795 2303 dicatur:

178 2317 294 2384 veniale
315 2318 352 2379 ell
371 2361 379 2378 .
401 2315 507 2392 Quarti
528 2317 578 2375 loct
601 2318 651 2376 eit.
668 2329 745 2396 patr.
769 2335 800 2374 ι.
818 2314 895 2374 ritui·
921 2335 967 2375 ca.
1009 2318 1069 2376 Hoc
1088 2313 1124 2390 esi
1144 2320 1247 2395 Corpus
1266 2339 1356 2376 meum
1374 2316 1572 2394 fantasticum,
1589 2323 1641 2399 sert
1661 2344 1767 2382 atreum
1788 2343 1800 2390 ;

178 2395 246 2459 dud.
274 2418 320 2474 14.
344 2397 387 2461 La
407 2394 541 2459 Croial.
564 2417 590 2457 c.
610 2395 777 2474 temp&
798 2391 849 2454 alii
869 2411 970 2457 contra
1009 2394 1190 2458 Talioenim
1214 2397 1324 2459 additio
1352 2391 1456 2457 salsum
1486 2398 1646 2473 continet,
1678 2399 1797 2464 &0serr·
1870 2397 1874 2406 ’

178 2480 275 2542 aliut.
1013 2474 1077 2552 som
1095 2473 1209 2540 destruit
1226 2500 1237 2548 ·,
1254 2481 1440 2540 communit.
1462 2477 1491 2539 Si
1513 2499 1583 2552 vero
1605 2481 1725 2546 addatur
1744 2482 1795 2545 ali·
1819 2507 1860 2568 ²7

116 2577 172 2620 ²2,
224 2561 302 2631 An,
338 2558 475 2639 &quale
496 2560 530 2619 fir
551 2573 704 2638 peccatum
732 2555 968 2628 celebrareMis·
1009 2557 1080 2636 quid
1102 2555 1558 2637 nondellruenofigniiicarionerir
1580 2559 1695 2637 sonna,
1718 2562 1797 2645 quod

176 2638 236 2698 sam
263 2638 391 2700 nondum
416 2637 537 2702 recitato
559 2640 750 2712 Matutinot
781 2638 855 2700 Vide
886 2638 966 2700 verb.
1008 2651 1109 2699 tamen
1131 2637 1163 2698 srt
1185 2652 1288 2700 contra
1309 2637 1400 2699 ritum
1421 2638 1567 2716 Ecclefia,
1589 2659 1659 2705 tunc
1679 2643 1797 2708 confici·

171 2723 352 2780 ,Maternum
375 2745 393 2779 a
414 2745 442 2781 n.
467 2739 513 2798 19.
534 2720 573 2778 ad
592 2744 621 2780 n.
646 2740 695 2797 ²3·
915 2762 926 2772 -,
1007 2734 1055 2778 tur
1075 2717 1290 2779 Sacramentum
1313 2760 1322 2790 ,
1354 2716 1399 2778 sed
1422 2719 1557 2784 Sacerdos
1576 2725 1703 2802 graviter
1731 2745 1821 2808 pec-s

5 2845 6 2878 p
114 2818 151 2880 ²3
217 2799 342 2863 Veniale
363 2795 477 2862 rant'om
500 2801 538 2862 eli
557 2800 695 2862 omittere
715 2799 826 2880 aliquae
855 2795 966 2860 benteli-
1007 2812 1054 2858 cat
1075 2839 1084 2872 ,
1107 2813 1139 2858 ut
1161 2797 1178 2858 st
1199 2793 1343 2860 dicatur:
1372 2800 1432 2861 Hoc
1451 2801 1487 2878 esi
1508 2807 1611 2884 Corpus
1632 2828 1721 2866 tatum
1736 2809 1807 2883 sot-l

174 2880 302 2956 iiionet,
325 2882 450 2956 Cruces,
471 2879 697 2944 deosculationes
719 2881 855 2952 Altaria,
878 2897 963 2958 genu·
1006 2894 1112 2938 marum
1131 2877 1168 2938 de
1187 2881 1327 2958 uirgine3
1358 2880 1440 2943 Licet
1460 2880 1537 2942 enim
1561 2903 1610 2965 per
1630 2885 1703 2948 banc
1737 2886 1794 2950 sor·

173 2959 342 3035 flexiones,
367 2959 590 3034 inclinationes,
624 2977 761 3024 manuum
783 3003 791 3031 ,
814 2959 844 3020 δι
864 2958 962 3023 oculo·
1006 2979 1085 3020 mam
1108 2958 1277 3024 conficietur
1297 2959 1389 3022 adlruc
1410 2962 1649 3040 Sacramentum,
1671 2987 1737 3031 cum
1760 2969 1793 3030 set

131 3111 139 3114 ,
173 3042 453 3115 rum-elevationes,
476 3039 708 3114 &hujusmodi,
732 3040 878 3122 quianon
899 3039 964 3101 sunt
1005 3037 1097 3102 solum
1119 3042 1247 3105 mutatio
1265 3041 1482 3118 accidentalis,
1514 3042 1545 3106 bt
1567 3044 1725 3125 perseveret
1755 3047 1793 3113 es.

173 3125 248 3186 ritus
268 3143 395 3204 graves,
429 3121 590 3186 dummodo
610 3140 709 3184 tamen
732 3141 790 3184 non
821 3121 961 3184 omittat·
1004 3118 1096 3184 sentia
1116 3142 1189 3186 verae
1208 3121 1326 3198 forma,
1349 3140 1446 3187 tamen
1460 3125 1594 3188 Sacerdos
1607 3147 1791 3209 peccatmor-

172 3221 223 3266 rur
244 3203 336 3284 plures
356 3202 437 3264 fimus
459 3205 655 3284 quantitatem
679 3189 837 3346 ptabilem
858 3201 960 3265 consii-
1003 3198 1121 3278 taliter,
1141 3206 1211 3283 quia
1233 3204 1261 3264 in
1285 3225 1314 3268 re
1334 3220 1394 3266 tarn
1417 3205 1529 3285 gravi,
1566 3208 1597 3269 bt
1620 3207 1793 3272 sacrosancta

172 3285 453 3430 :sictritii
476 3283 619 3430 ‘illis
637 3282 965 3445 libidini
1005 3281 1794 3434 illati„&tllsrli‘llat‘t'ait'tlt

74 3473 83 3484 .
171 3445 272 3508 citatio
292 3445 396 3521 Quarti
416 3385 540 3544 laeticie.
561 3387 823 3528 quelfproaemiaes.
840 3443 909 3523 sedi.
934 3467 962 3524 3.
1004 3438 1213 3508 intolefalrilis.
1235 3451 1413 3510 Communis.
1606 3412 1618 3446 ²
1658 3504 1663 3514 ,

164 3523 316 3608 pamfimo.
338 3530 411 3608 vets.
431 3534 497 3614 Quo
518 3529 556 3589 ad
577 3525 896 3608 reliquosCaeremom‘as,
920 3525 963 3588 [a
1044 3525 1160 3590 Addere
1180 3526 1290 3608 aliquid
1320 3529 1419 3590 animo
1449 3529 1480 3592 δί
1510 3530 1671 3594 intentione
1703 3531 1783 3594 indta
1808 3532 1850 3594 28

170 3607 264 3670 Croit
286 3609 340 3670 lic.
354 3629 462 3687 n.422.
484 3611 514 3672 bt
534 3609 607 3670 alii.
1002 3605 1085 3670 cendi
1107 3629 1217 3670 novum
1240 3610 1328 3672 ritum
1351 3609 1379 3670 in
1391 3607 1536 3672 Sacrificio
1549 3611 1641 3672 Milia
1661 3611 1705 3674 esi‘
1721 3632 1785 3692 pec·

111 3707 149 3764 ²4
211 3688 362 3752 Omirrere
385 3691 508 3772 primam
530 3689 709 3754 ablutionem
728 3689 835 3754 Calicis
855 3685 959 3750 sacien-
1001 3705 1101 3750 catum
1125 3687 1247 3752 mortale
1268 3733 1277 3766 ,
1298 3690 1354 3752 hoc
1375 3689 1452 3753 enim
1476 3688 1524 3752 sub
1544 3693 1627 3772 gravi
1657 3693 1787 3772 prohibe

161 3770 238 3830 ‘dam
260 3789 327 3833 cum
351 3771 439 3845 vino,
462 3770 590 3852 &ipsam
605 3769 696 3834 secere
717 3791 782 3832 curn
799 3769 856 3831 sola
876 3789 960 3849 aqua,
1003 3787 1050 3831 rur
1070 3787 1087 3829 a
1108 3767 1137 3831 S.
1160 3770 1213 3833 Pio
1235 3768 1273 3830 V.
1297 3769 1327 3832 io
1358 3771 1409 3832 cit.
1431 3771 1587 3833 Constiror.
1610 3771 1698 3852 incip.
1722 3779 1787 3858 Quo

165 3849 277 3914 secluso
298 3868 487 3935 contempto,
512 3855 540 3914 or
562 3854 662 3914 animo
684 3850 832 3915 inducendi
848 3869 958 3915 novum
994 3854 1137 3931 primum,
1158 3850 1189 3912 bc
1209 3871 1227 3912 a
1244 3849 1568 3915 ConcilioTridentino
1586 3857 1636 3915 cit.
1653 3853 1716 3932 Μ.
1741 3873 1789 3915 ze.

164 3931 279 4007 ritum,
302 3933 340 3996 est
362 3932 453 3996 solum
477 3931 787 4015 peccatumveniale,
810 3929 960 4012 quianon
1000 3936 1030 3994 in
1052 3936 1134 3993 Dect.
1157 3931 1191 3992 de
1211 3929 1316 4011 observ.
1340 3930 1378 3995 cr
1399 3931 1526 3994 vitandis
1545 3937 1575 3996 itt
1607 3933 1792 3998 celebratione

163 4012 287 4076 viderur
308 4015 430 4078 materia
452 4032 515 4076 ram
533 4015 646 4094 gravis,
670 4013 750 4075 firmi
774 4012 958 4075 stomittere·
1000 4011 1108 4092 Mrffae.

161 4111 209 4155 tur
240 4094 425 4176 simpliciter,
448 4099 478 4158 bt
499 4095 625 4158 absolute
647 4091 829 4173 purificatio.
851 4090 979 4168 Quarti·
1042 4097 1159 4156 Addere
1180 4091 1289 4172 aliquid
1309 4090 1398 4155 etiam
1421 4093 1478 4158 sine
1497 4095 1615 4171 animo,
1637 4097 1669 4160 bt
1689 4096 1783 4160 interr·
1806 4115 1848 4173 29

162 4175 217 4236 loco
245 4179 293 4238 rit.
317 4179 389 4254 vers.
416 4177 570 4290 Respopdeo
592 4175 792 4248 tTamburirr.
814 4175 848 4234 de
867 4172 956 4236 Sarri-
999 4175 1081 4238 tione
1102 4173 1232 4236 mutandi
1254 4173 1375 4247 ritum,
1398 4174 1416 4234 sr
1437 4175 1546 4238 additio
1568 4178 1600 4264 sir
1621 4177 1650 4238 in
1673 4177 1785 4240 notabi-

34 4277 44 4284 ·
159 4255 208 4331 fic.
234 4254 288 4319 lib.
311 4279 340 4333 4.
364 4274 424 4352 cap.
448 4283 477 4335 9.
502 4281 576 4318 anm.
597 4280 627 4332 4.
650 4257 693 4317 La
721 4253 812 4316 Croix
833 4255 887 4318 loe.
905 4256 957 4316 eir.
1000 4254 1020 4318 ii
1042 4254 1236 4336 quantitate,
1267 4254 1393 4320 &circa
1413 4275 1476 4330 ea,
1506 4276 1569 4396 (pua
1602 4256 1714 4338 poblite
1744 4279 1784 4317 rt·

165 4359 279 4417 mare.
302 4338 332 4400 br
353 4337 427 4401 alit.
453 4340 552 4402 immo
574 4336 683 4400 nollunt
707 4335 771 4398 esler
810 4349 958 4408 eccatum,
1000 4337 1158 4407 citantur,
1187 4335 1225 4397 eli
1247 4329 1396 4416 peccatum
1421 4353 1573 4400 mortae.
1604 4341 1782 4398 Communis.
1850 4339 1876 4367 ‘*

168 4501 200 4562 bt
266 4501 325 4561 'um
348 4499 419 4565 illud
440 4502 589 4564 modicum
610 4495 806 4562 consecratum
828 4497 957 4559 bibens.
1000 4496 1060 4560 lorn
1082 4498 1158 4560 circa
1178 4517 1240 4568 ea,
1262 4516 1325 4579 oport
1347 4495 1453 4562 secreto
1476 4496 1658 4569 recitantur,
1692 4495 1783 4560 adhuc

165 4581 268 4670 ¹Sici).
315 4601 380 4648 ores
397 4577 513 4658 citari,
546 4582 578 4646 δι
599 4580 680 4645 ali-i.
714 4579 746 4640 ln
771 4575 889 4642 secunda
907 4597 956 4642 au·
1002 4577 1178 4664 probabilius
1198 4577 1234 4642 eli
1255 4578 1352 4659 grauis
1372 4579 1487 4717 culp&
1507 4576 1630 4717 puiasrc
1651 4577 1786 4720 Sacgpdos
1817 4673 1819 4676 Ι

166 4419 354 4732 Εεῖἱζξηε
374 4417 442 4485 esset
464 4421 616 4482 abllemius
643 4417 742 4483 vinum
811 4417 957 4491 horrent,
999 4417 1031 4478 Si
1063 4417 1174 4480 additio
1194 4415 1226 4478 stt
1248 4417 1277 4476 irr
1300 4415 1424 4479 notabili
1454 4419 1647 4497 quantitate,
1679 4418 1709 4478 br
1740 4416 1779 4479 so·
1803 4437 1846 4497 30
