4006 5264
256 114 341 194 290
536 79 1482 168 SEMINARIUM.

134 209 203 295 87.
239 204 276 292 ¹²¹.
294 199 415 292 irritem
424 236 440 290 ⁶.
453 193 579 270 Quando
592 194 705 290 filil&
724 213 825 259 omnes
834 193 988 334 copplllont
1072 189 1105 287 lp
1136 189 1220 255 omni
1250 190 1405 274 temporali
1434 189 1692 256 administratione·
1722 193 1812 259 Semi-

195 275 722 422 iiivilililbllilillslliirtillluitlibitilirit
735 275 989 450 t,luitoiimtetieillrt
1028 291 1103 448 mill
1118 310 1307 448 ’expulfionm
1328 351 1359 416 du
1382 351 1578 435 Deputatlotte
1607 353 1815 422 Ministrorum

195 438 368 518 Capttulum
391 439 427 502 ad
448 435 693 501 conttrbutronem
715 434 888 498 Semrnarrr.
1024 433 1196 499 Semrnarrr.
1579 465 1584 474 ·

135 527 174 590 88
238 523 272 583 ln
294 517 489 601 Melphlraua.
511 515 635 591 Quando
657 514 807 591 Abbatia,
829 515 887 581 five
907 514 986 580 aliud
1069 515 1103 578 ln
1126 511 1255 597 expenss
1274 512 1475 594 quotidianis·

198 597 372 665 Beneficium
394 599 432 662 esl
454 596 559 660 nullius
582 594 728 671 Diacefis,
751 593 873 660 solvitur
893 597 983 660 Semi·
1068 595 1103 656 ln
1124 593 1336 677 provisionibus
1357 593 1525 661 bladarum.

200 682 283 744 nario
305 680 383 742 illius
406 676 553 750 Diacefis,
578 675 607 737 iu
627 697 687 758 qua
706 675 776 740 alias
795 676 871 739 (lisia
884 677 982 740 Abba·
1066 676 1100 738 Iu
1124 675 1372 739 administratione
1394 676 1536 742 bonorum
1547 695 1811 765 quorumcumque,
1835 712 1874 770 94

199 763 263 836 tia,
284 761 340 824 srve
362 756 535 821 Beneficium
557 774 618 820 erat
648 757 821 830 conslirutas
852 756 882 819 Si
912 778 983 823 vero
1024 776 1057 818 ac
1080 755 1349 835 redituum-ipsius.
1372 757 1445 822 Non
1468 775 1565 823 autem
1597 760 1687 824 etiam
1720 762 1749 826 iu
1779 765 1816 830 iis

203 840 330 906 Ecclefia
349 840 387 904 ell
409 839 438 901 in
460 858 517 902 una
539 836 679 911 Dioecesr,
702 837 732 899 dt
754 838 830 900 bona
860 841 920 912 ejus
955 838 986 900 iu
1026 835 1186 919 Episcopus
1207 853 1321 900 tenetur
1344 833 1419 917 sequi
1441 840 1610 904 eorumdem
1644 842 1788 907 consilium
1907 847 1921 872 ⁹

198 919 315 997 altera,
336 918 516 983 contributio
535 916 596 983 fieri
627 917 711 981 debet
742 915 887 1002 Eiscopo
909 918 987 994 loci,
1027 914 1074 982 sed
1094 935 1126 982 ur
1149 916 1232 999 supra
1253 913 1442 980 solummodo:
1457 921 1613 986 adbibere.
1799 889 1810 924 e
1845 949 1850 956 ·

198 1003 249 1066 rrbi
271 1001 310 1066 esl
331 997 474 1075 Ecclesia,
498 995 551 1093 nisi
575 997 656 1062 bona
686 999 716 1094 in
736 937 838 1094 ,alera
867 998 987 1094 Dioecesr
1069 1002 1103 1062 ln
1124 996 1329 1093 Anrueriepſs3
1352 999 1386 1059 ln
1418 999 1622 1094 Monalleriis,
1653 1002 1684 1064 in
1733 1005 1814 1072 uibus
1834 1032 1871 1092 95

200 1081 352 1146 exillemia
383 1080 437 1143 srnt
466 1098 630 1162 propinqua
657 1077 746 1142 alrcut
785 1078 916 1143 Ecclesm
946 1081 986 1143 ibt
1028 1077 1170 1143 habentur
1191 1015 1332 1160 bsigrslrr
1353 1076 1456 1142 salano
1477 1082 1609 1145 condusli
1630 1101 1683 1164 pro
1713 1023 1815 1149 iocen-

201 1163 381 1235 corrssitutae‚
400 1180 464 1241 quat
491 1176 641 1255 tamquam
672 1158 835 1223 membrum
866 1161 988 1233 subiesla
1027 1159 1071 1222 dis
1092 1157 1268 1235 Monachis,
1291 1158 1389 1222 eadem
1412 1161 1487 1224 ratio
1507 1163 1685 1228 esthabeuda
1707 1164 1741 1228 de
1762 1165 1819 1230 illis

200 1242 267 1309 esiet
289 1241 418 1308 Ecclesia
454 1239 643 1316 Parocbtali,
674 1256 725 1306 aut
758 1239 849 1303 eidem
880 1243 986 1306 unitae.
1029 1239 1172 1319 expensis,
1193 1257 1256 1319 que
1277 1239 1312 1305 de
1333 1241 1392 1302 illis
1413 1242 1613 1322 Sclrolarium‚
1645 1247 1692 1308 seu
1712 1243 1818 1310 discen·

201 1327 271 1398 Quo
292 1321 356 1385 casu
377 1322 555 1386 contributio
576 1319 638 1386 sieri
658 1320 760 1396 debet,
783 1321 831 1384 ubl
853 1319 916 1384 sunt
938 1322 989 1386 bo·
1034 1319 1110 1384 rium
1135 1318 1352 1384 Monachorum
1376 1320 1536 1386 habemur.
1824 1363 1826 1368 -

202 1425 260 1468 na.
282 1403 370 1478 Quod
391 1402 481 1465 eriam
503 1402 704 1466 declarandum
735 1402 772 1464 esl
804 1401 833 1462 in
864 1401 990 1466 Ecclefia
1071 1404 1105 1464 ln
1125 1399 1303 1475 Bracarenss.
1328 1401 1444 1465 Milites
1464 1402 1746 1487 Hierosolymitani‚
1792 1406 1818 1470 ui
1836 1415 1870 1493 96

202 1481 304 1558 truita,
328 1501 376 1546 aut
398 1479 537 1559 subsedia,
568 1483 588 1544 fi
619 1481 775 1547 constructa
803 1479 889 1546 suerit
920 1500 987 1547 ame
1029 1477 1136 1575 babent
1159 1479 1296 1575 beneficia
1318 1482 1365 1544 subi
1388 1427 1818 1550 commendaraalreriueosii-

203 1563 424 1644 acquistionem
446 1562 572 1642 ipsorum
595 1563 737 1626 bonorum
750 1585 759 1635 3
781 1563 868 1638 Quod
890 1562 986 1628 sicon-
1030 1581 1096 1636 ms,
1118 1559 1164 1626 vel
1187 1561 1356 1642 qualitatis,
1379 1565 1819 1633 tenemuradcontributionem

198 1648 287 1710 siaret
307 1646 384 1709 bona
404 1643 481 1708 soille
501 1642 580 1722 prius
599 1643 744 1726 applicata
777 1641 907 1709 Ecclesia
939 1646 989 1706 Pa·
1030 1641 1182 1708 Seminarii
1206 1643 1730 1723 rationebujusmodiBeneficiorum,
1753 1670 1818 1712 com

203 1724 345 1800 rochiali,
368 1723 437 1787 licet
458 1725 555 1806 pollea
575 1724 614 1786 ibi
636 1722 693 1786 alia
727 1723 851 1788 Ecctena
870 1722 987 1788 aedifica·
1034 1723 1167 1803 exceptio
1191 1743 1247 1784 non
1271 1721 1401 1805 respiciat
1433 1724 1589 1800 Personas,
1622 1725 1669 1791 sed
1699 1743 1818 1792 tantum

202 1824 235 1870 ta
268 1803 383 1882 suerit,
409 1803 590 1869 contributio
620 1802 654 1867 stt
687 1801 832 1890 Episcopo
860 1803 992 1872 Ecclefiae
1033 1801 1173 1866 beneficia
1195 1801 1314 1868 Ordinis
1335 1804 1616 1886 Hierosolymitani.

203 1886 400 1958 Patocbialis.
433 1946 436 1959 ,
768 1941 771 1949 ,
1073 1887 1109 1946 ln
1131 1885 1292 1953 Patavina.
1314 1884 1342 1944 Si
1367 1885 1515 1964 ignoratur
1535 1889 1613 1960 cuius
1634 1901 1739 1950 natura
1759 1888 1817 1951 snt
1840 1913 1884 1974 97

137 1977 210 2056 39.
249 1971 285 2028 ln
305 1965 477 2030 Tudertinus.
499 1963 668 2046 Hospitalia
687 1967 722 2030 ad
744 1965 993 2032 contributionum
1034 1961 1172 2028 beneficia
1207 1963 1402 2028 Ecclesallica
1431 1966 1602 2031 Monaslerii
1631 1966 1738 2041 unita,
1767 1969 1817 2031 vel

203 2045 359 2112 Seminarii
381 2066 440 2111 non
462 2063 614 2122 tenentur,
637 2067 729 2127 neque
762 2047 849 2112 etiarn
871 2047 993 2110 Consta·
1035 2043 1105 2110 alias
1125 2046 1278 2126 exempla,
1298 2046 1460 2110 Seminario
1481 2048 1661 2111 contribuere
1692 2045 1818 2119 debenra

205 2129 357 2195 teruitates
377 2128 553 2202 laicorum,
575 2126 627 2190 trist
658 2127 782 2192 babeam
805 2130 886 2192 unita
906 2126 992 2192 Bene·
1035 2127 1141 2192 &hoc
1163 2126 1292 2206 procedit
1315 2125 1345 2188 iu
1369 2127 1572 2199 Morrasleriis,
1595 2147 1657 2208 qua
1678 2147 1736 2190 non
1755 2125 1822 2190 sunt

206 2209 294 2286 ficia,
316 2230 376 2291 quo
396 2206 461 2272 casu
482 2209 665 2278 contribuere
684 2209 810 2274 debent.
1034 2205 1292 2277 Mendicamium3
1315 2227 1382 2270 nant
1410 2208 1437 2268 in
1461 2209 1518 2273 illis
1533 2207 1737 2282 Monalleriis,
1758 2225 1826 2288 qua

145 2318 187 2378 ,ο
251 2297 284 2354 ln
306 2289 528 2376 Ulyfipponenfi.
548 2287 729 2353 Monasleria
760 2290 789 2352 in
824 2290 928 2370 quibus
948 2289 995 2356 Se·
1037 2285 1176 2372 possident
1199 2287 1274 2348 bona
1296 2286 1487 2364 immobilia,
1516 2309 1590 2351 onus
1620 2286 1760 2368 probandi
1790 2309 1828 2352 ea

206 2371 364 2444 minutium
387 2370 451 2435 adiu
470 2391 530 2434 non
551 2371 613 2445 cll,
632 2369 675 2435 sed
695 2387 794 2435 tamen
807 2369 996 2436 contribuunt
1040 2369 1092 2433 esle
1112 2388 1161 2450 per
1183 2367 1303 2430 uniones
1323 2369 1497 2449 acquisitain
1510 2367 1825 2452 Episcoporamtrane·

205 2453 288 2518 alteri
327 2449 508 2515 Monaslerio
538 2471 590 2531 pro
623 2451 843 2515 subslenrarione
876 2450 991 2515 Schola·
1034 2449 1154 2524 sertor,
1186 2467 1243 2529 quo
1275 2469 1334 2512 ιιοιι
1364 2449 1533 2534 probante,
1563 2469 1599 2512 ea
1627 2449 1703 2514 bona
1743 2461 1827 2512 eruut

206 2536 301 2606 rium,
323 2530 470 2596 censentur
489 2551 522 2593 as
543 2532 564 2591 si
584 2530 734 2593 Scholares
763 2527 906 2604 habeaut;
961 2551 991 2592 o·
1006 2529 1016 2540 “
1034 2545 1192 2612 exempta.

207 2631 306 2697 pterea
324 2631 384 2674 nou
405 2627 540 2682 terremur
561 2609 599 2674 ad
617 2607 863 2674 contributioneua
892 2611 934 2672 ni
963 2609 998 2672 de
1080 2616 1114 2673 ln
1138 2607 1282 2684 imolenfi.
1303 2609 1457 2692 Simplicia
1478 2609 1619 2676 Beneficia
1639 2609 1820 2675 adcollatio·
1841 2615 1885 2692 98
1988 2598 1993 2607 ’

209 2692 366 2767 reditibus,
388 2693 439 2771 qui
460 2688 625 2771 supersunt.
1038 2711 1105 2752 nem
1127 2689 1269 2754 inferioris
1298 2691 1456 2758 Collatoris
1489 2690 1673 2774 spectantia,
1706 2690 1826 2772 Episco-

147 2798 184 2858 ,ι
250 2778 285 2836 ln
307 2771 527 2847 Mediolanensi.
550 2765 693 2832 Canonici
716 2767 798 2831 elesii
819 2767 858 2833 ab
878 2765 996 2849 Episco·
1039 2789 1092 2851 pus
1112 2769 1194 2835 unire
1216 2791 1272 2834 non
1296 2775 1406 2856 potesl,
1428 2792 1479 2838 nec
1501 2771 1590 2836 etlam
1615 2771 1758 2836 Beneficia
1770 2774 1827 2835 Re·

209 2875 250 2939 po
271 2854 307 2917 ad
337 2851 565 2916 constituendam
605 2847 804 2912 educationem
843 2867 997 2929 puerorum
1035 2849 1171 2992 pulcris,
1191 2871 1242 2914 nec
1265 2849 1406 2918 Beneficia
1426 2853 1503 2926 Juris
1523 2869 1694 2937 personatus
1723 2851 1826 2918 Eccle-

209 2932 318 2998 rnutari
340 2952 396 2994 non
419 2931 539 3006 debent,
563 2927 615 2990 nist
635 2947 667 2992 ut
701 2927 730 2992 su
753 2949 803 3004 ra,
832 2931 863 2991 δι
893 2948 992 2992 eorum
1056 2927 1152 3004 allici,
1177 2951 1227 2992 nec
1245 2931 1461 3000 Canonicarus.
1888 2968 1893 2978 ·

208 3011 358 3084 confilium
385 3009 490 3094 Episco
513 3011 521 3070 i
545 3026 677 3074 terrentur
697 2948 993 3086 adilberessedmn
1075 3013 1110 3072 ln
1130 3011 1328 3088 Gandavenfi.
1359 3017 1404 3077 De
1435 3013 1586 3080 ueneficiis
1617 3016 1705 3079 unitis
1735 3011 1818 3090 uigo-
1846 3037 1894 3092 99

183 3105 344 3160 ‘tenentur
366 3089 466 3173 sequi,
536 3089 730 3154 adhibendum
752 3089 790 3156 est
811 3091 842 3150 in
861 3090 999 3157 omuibus
1039 3112 1069 3156 re
1089 3091 1174 3166 hujus
1197 3089 1310 3154 Decreti
1334 3092 1509 3171 superfluum
1529 3097 1567 3161 esi
1597 3115 1690 3180 petere
1719 3089 1825 3156 confir·

209 3169 417 3255 infrascriptis.
1040 3171 1201 3236 mationem
1223 3192 1240 3233 a
1260 3172 1330 3240 Sede
1351 3177 1540 3252 Apostolica.

148 3277 190 3338 pe
252 3257 286 3317 ln
307 3249 512 3320 constituendis
530 3247 635 3332 regulis
665 3247 873 3316 universalibus
901 3253 993 3320 Semi·
1075 3257 1110 3316 ln
1129 3253 1341 3330 Cameracenfi.
1360 3257 1442 3322 Sicut
1472 3254 1612 3324 Beneficia
1641 3273 1708 3322 attte
1738 3274 1825 3319 vaca·
1850 3275 1916 3320 too

208 3334 308 3401 narii.
1034 3333 1147 3400 tionem
1170 3335 1331 3399 Seminario
1354 3337 1429 3399 uniri
1451 3337 1563 3422 poliunt
1577 3336 1828 3413 valide,'itanul·

252 3416 287 3477 In
309 3413 447 3478 electione
468 3410 642 3494 singulorum
663 3411 957 3483 introducendorum.
1035 3415 1068 3478 la
1087 3415 1143 3481 erit
1162 3415 1234 3478 unio
1256 3413 1329 3479 sasla
1349 3419 1411 3500 port
1440 3419 1622 3484 vacationem
1654 3420 1690 3483 de
1722 3413 1828 3482 Berres-

248 3495 286 3557 In
307 3491 447 3558 elesiioue
466 3491 607 3558 libratum
627 3493 812 3580 legendorum
824 3538 837 3562 ι
1034 3496 1087 3559 clo
1105 3492 1275 3562 reservato.
1651 3510 1656 3516 “

249 3575 287 3638 ln
309 3573 461 3655 punitione
475 3571 680 3654 dyscolorum.
1081 3581 1116 3638 In
1137 3579 1299 3658 Aquilam.
1321 3575 1499 3662 Episcopus,
1521 3579 1572 3660 qui
1595 3581 1624 3643 in
1648 3578 1706 3642 suis
1727 3576 1824 3643 mensr·
1850 3597 1915 3642 rous

251 3656 289 3717 ln
311 3653 547 3720 visitationibus..
1038 3656 1091 3718 bus
1114 3655 1254 3720 Beneficia
1275 3661 1410 3726 vacantia
1429 3681 1486 3724 nou
1510 3663 1628 3738 uniuir,
1663 3660 1694 3723 in
1727 3658 1825 3723 mensu-

255 3735 291 3796 ln
314 3733 452 3800 elesiione
474 3734 551 3799 loci.
1041 3737 1094 3800 bus
1114 3735 1263 3802 reservatis
1284 3739 1365 3804 unire
1386 3743 1498 3823 potest.

252 3815 289 3878 In
309 3815 446 3878 elesiione
465 3816 696 3898 Magislro'runu.
1079 3820 1114 3879 ln
1134 3819 1313 3896 lisarficana.
1334 3822 1446 3898 Contra
1468 3821 1626 3888 recusantes
1656 3820 1764 3888 soluere
1785 3837 1829 3884 ta·
1855 3842 1917 3883 roa

252 3895 288 3956 ln
310 3895 447 3958 electione
468 3896 662 3962 Consesloris.
796 3979 799 3985 Ι
1038 3917 1107 3961 aaut
1129 3899 1291 3964 Seminario
1312 3903 1403 3980 potesl
1424 3901 1585 3986 Episcopus
1615 3905 1765 3986 procedere
1786 3901 1829 3965 us-

255 3975 290 4038 In
311 3977 476 4038 eorumdem
491 3977 677 4060 expulsione.
1038 3999 1095 4060 <pue
1116 3979 1152 4042 ad
1176 3979 1384 4058 luterdidium,
1404 3985 1434 4046 dt
1453 3983 1513 4050 alia
1533 3986 1673 4066 graviora
1693 3985 1765 4062 juris
1788 4004 1831 4048 re·

74 4103 84 4122 .
154 4076 194 4138 93
255 4052 321 4117 Alii
348 4071 475 4135 quatuor
503 4056 656 4122 adhibendi
695 4053 758 4122 suut
798 4057 937 4140 Deputati
968 4057 1001 4124 in
1042 4057 1157 4122 media.

213 4132 334 4230 (publio
364 4133 442 4206 circa
468 4137 650 4206 taxationem
681 4135 837 4214 uotiuum,
852 4139 999 4216 coarribu
1083 4144 1116 4201 tr
1138 4141 1329 4219 Brundustna.
1351 4141 1381 4206 si
1407 4143 1564 4228 Episcopus
1586 4147 1691 4212 duabus
1711 4145 1825 4215 eivira-
1855 4169 1918 4232 ¹03

213 4233 323 4311 tronus.
404 4293 411 4310 ¹
1039 4217 1116 4284 tibus
1137 4220 1254 4300 praest,
1278 4223 1306 4284 in
1329 4242 1448 4306 utraque
1459 4231 1614 4309 erigeretur
1626 4226 1833 4304 Seminarium,

254 4297 342 4358 Crtca
360 4315 503 4373 umonem
522 4295 759 4363 Beneficiorum.
1038 4300 1070 4362 or
1090 4301 1111 4364 sr
1131 4301 1238 4366 reditus
1260 4324 1319 4368 non
1341 4303 1502 4385 sufficiunt,
1525 4310 1722 4374 conducantur
1759 4309 1833 4374 Mn-

257 4377 294 4438 1n
315 4371 550 4452 difficultatibus,
570 4375 611 4440 ob
631 4397 703 4458 quas
722 4377 874 4447 seminarii
896 4377 995 4444 iussru·
1036 4375 1139 4462 gistri.

216 4453 293 4532 silo,
316 4457 363 4521 vel
383 4455 566 4525 conservatio
587 4455 796 4544 impediretur,
814 4473 867 4524 aut
885 4477 995 4544 pertut·
1087 4466 1120 4524 ln
1142 4462 1337 4546 Melpbirana.
1361 4471 1394 4534 ln
1417 4469 1560 4547 Eccleda,
1583 4481 1631 4535 uui
1666 4484 1729 4535 tum
1759 4479 1832 4540 adeo
1857 4474 1925 4553 ros

215 4535 350 4603 baretur.
1046 4559 1147 4624 tmues
1168 4545 1295 4627 reditus,
1313 4567 1345 4614 ut
1366 4551 1557 4630 Seminarium
1573 4553 1716 4637 erigiuou
1727 4553 1835 4640 possut,

1724 4654 1790 4718 pro·
