4008 5258
496 107 1053 196 scarururrn
1114 109 1441 196 sacua,
1630 146 1715 233 439

155 238 260 305 dixerit
280 232 467 299 Hebraeorum
481 223 583 288 'llbma
601 223 696 308 pellea
725 243 744 284 a
773 220 874 292 ludaeis
895 223 945 288 elle
986 220 1143 286 concessum
1165 243 1184 284 a
1207 221 1268 286 Deo
1288 220 1361 298 livit,
1386 223 1433 284 cui
1452 221 1574 308 denique
1595 229 1775 313 puriorem.

154 319 300 394 lilsatos,
321 315 417 378 audiat
437 297 594 392 origenem
616 305 667 384 qui
687 304 719 368 in
748 303 865 367 Odiavo
895 323 943 367 vo
986 321 1036 384 per
1056 303 1129 365 adest
1151 302 1266 368 divinus
1287 302 1336 366 ille
1357 304 1499 386 Spiritus,
1521 310 1572 388 qui
1602 334 1637 376 εχ
1669 311 1776 376 insani,

153 402 269 466 lumine
297 418 329 460 ex
353 387 535 457 sanationum
579 385 656 449 isaia
685 383 753 446 huic
795 382 944 466 respondet
985 384 1040 445 bili
1068 383 1174 445 Chrilli
1195 383 1327 460 [Domini
1367 385 1552 467 promilstuue
1583 393 1707 458 tediatus
1735 393 1775 457 est

326 413 387 550 sa,
419 469 499 551 quod
527 485 674 564 nunquam
708 463 880 540 Dominus,
913 468 944 528 be
986 463 1116 526 Ecclesia
1148 463 1273 528 Paliorea
1303 463 1388 546 usque
1417 465 1453 530 ad
1490 465 1774 538 eonsummarionem

150 482 325 562 quasliuncu
801 545 807 560 Ι
891 547 897 560 Ι
921 547 929 562 .
1068 546 1075 560 ι

153 557 311 644 Apostoli,
333 555 385 637 qui
407 567 509 616 catera
526 567 648 612 crrmtna
666 545 944 628 arguuntrnScrrbrs
986 544 1103 608 satuit.

151 643 178 703 br
206 635 372 711 Pharisais,
396 635 430 698 de
450 629 507 696 boc
527 626 667 702 crimine,
688 630 765 706 quod
780 642 838 690 erat
851 627 941 690 masi·
1025 628 1110 689 Sacra
1129 625 1276 707 Scriptura
1297 623 1405 689 meina
1421 646 1508 709 atque
1529 631 1652 696 omnino
1667 631 1772 694 insalli·
1797 652 1835 710 52

150 739 237 784 mum
261 715 451 780 reticuissent:
473 711 523 772 Sin
544 729 641 773 aurem
663 706 790 770 dixerint
811 707 873 788 poll
895 710 942 772 ad·
984 707 1054 769 bilis
1071 707 1202 770 veritatis
1222 707 1279 770 esi:
1301 707 1420 769 Etenim
1452 709 1576 792 integros
1606 713 1772 798 complesii·

152 819 276 864 ventum
299 792 519 878 Redemptoris‚
542 792 571 852 a
593 787 825 872 pradicationem
860 790 941 870 Apu-
984 804 1032 849 tut
1054 787 1187 861 Veteris,
1209 807 1242 848 ac
1264 787 1346 852 Noui
1367 787 1544 852 Tellarnenti
1566 793 1677 868 libros,
1723 815 1773 857 uos

150 879 292 944 siolorum
315 878 403 940 libros
425 872 549 935 hebreus
571 868 647 933 suilla
669 864 803 941 salsatos,
826 869 941 932 cachin-
983 865 1113 960 Moses,
1148 867 1326 949 Propheta,
1348 867 1563 961 'Euangelillm
1585 875 1615 938 br
1638 815 1772 956 Apeiloli

151 981 225 1024 num
248 979 345 1026 tenete
367 975 423 1018 non
439 969 559 1034 potero,
581 969 615 1013 ut
628 947 781 1022 Salvator,
804 941 943 1014 &Ev‘am
983 946 1227 1030 conscripserunt:
1249 946 1404 1030 conscripti
1425 970 1496 1012 veto
1515 943 1552 1014 ab
1573 952 1630 1017 illis
1651 952 1716 1018 iibri
1729 957 1772 1017 di·

152 1043 277 1123 gelisia,
300 1034 493 1117 &Apostoli,
517 1031 557 1092 ita
571 1028 735 1093 tellimonia
746 1029 940 1108 protulerint,
983 1029 1111 1102 vinam,
1142 1028 1373 1108 arqueomnino
1396 1027 1579 1094 infallibilem
1617 1035 1772 1100 veritatem

151 1139 186 1183 ut
208 1121 296 1194 iudai
317 1116 441 1179 falsaturi
463 1127 543 1175 erant
567 1133 576 1181 ς
606 1131 676 1189 ergo
697 1129 749 1170 trec
771 1125 837 1171 ante
857 1153 866 1186 ,
890 1131 941 1173 nec
982 1108 1133 1172 obtinent.
1158 1111 1241 1172 Nam
1261 1109 1379 1172 Sandlus
1398 1109 1499 1175 Petrus
1529 1113 1639 1195 Spiritu
1668 1117 1774 1180 Sandio
1829 1191 1832 1198 ¹

154 1204 216 1283 pusi
238 1199 343 1263 Cirrilli
364 1195 517 1258 adventum
540 1207 676 1272 corrupta
698 1190 737 1251 esi
756 1188 840 1250 Sacra
867 1191 941 1252 Seri·
982 1187 1155 1272 inspiratos,
1177 1207 1264 1271 atque
1285 1189 1421 1284 loquutus
1442 1191 1483 1254 ait
1505 1190 1613 1260 sanctos
1634 1196 1691 1262 Dei
1719 1197 1770 1262 bu·
1863 1197 1872 1208 ’

155 1299 243 1363 ptura
275 1277 387 1342 Veteris
416 1273 622 1336 Testamenti.
659 1267 773 1331 Deinle
799 1267 862 1330 lieri
882 1291 940 1337 non
983 1270 1094 1343 minea;
1117 1269 1224 1332 Paulus
1242 1273 1277 1332 ad
1298 1269 1492 1337 Timotheum
1518 1297 1544 1337 a.
1567 1297 1593 1339 c.
1609 1299 1637 1357 3.
1653 1285 1773 1344 omnem

151 1363 280 1446 potuit,
312 1377 344 1421 ut
365 1354 452 1430 iudai
473 1357 574 1416 Sacroa
592 1351 717 1415 Codices
750 1349 943 1415 adulterarent
983 1351 1162 1432 scripturam
1184 1348 1326 1414 divinitus
1347 1351 1515 1434 inspiratam
1537 1357 1628 1422 amris
1649 1383 1663 1432 ;
1684 1377 1772 1442 atque

151 1442 271 1506 nemine
291 1441 474 1510 advertente,
497 1455 530 1496 ac
551 1433 726 1496 reclamante
747 1430 885 1500 nemine;
913 1453 939 1494 t.
983 1429 1069 1493 Isaiae
1089 1452 1112 1493 c.
1138 1451 1164 1509 5.
1187 1431 1295 1504 Jonaa,
1318 1429 1366 1492 alii
1392 1453 1426 1496 ue
1447 1436 1596 1518 Propheta
1617 1440 1712 1521 palam
1728 1460 1769 1504 te-

151 1525 225 1605 quia
247 1523 275 1583 in
297 1522 334 1582 sen
358 1517 413 1580 ulis
431 1514 549 1578 semiliis
582 1513 683 1576 saltem
715 1510 824 1606 ‘stibus
847 1511 937 1606 Lpui,
981 1511 1045 1606 llari
1067 1509 1148 1586 sunt,
1172 1509 1198 1574 se
1220 1511 1339 1606 uerbum
1365 1451 1418 1575 δεῖ
1441 1513 1546 1580 litteris
1579 1520 1770 1600 consrgnalie.

151 1622 259 1746 rv‘
279 1541 446 1743 ism
467 1594 782 1751 uiuum
803 1591 941 1736 illl
980 1592 1145 1755 iirtzu
1158 1591 1569 1739 crustuminum
1584 1598 1768 1744 111111

154 1703 342 1856 diipisiiehos
364 1719 495 1838 pen'es'se
518 1755 648 1836 religiose
668 1753 862 1816 custodiebant
883 1795 890 1812 .
915 1777 941 1816 2.
982 1753 1016 1816 sta
1037 1753 1175 1836 perspicui
1197 1753 1372 1817 charasierea
1390 1775 1544 1822 occurrunt
1567 1757 1681 1823 Divina.
1692 1783 1769 1826 reve-

152 1861 220 1924 quta
243 1845 270 1902 in
294 1861 357 1904 earn
377 1837 596 1918 corruptionem
616 1833 775 1898 consentire
795 1835 941 1897 etiamde·
984 1834 1124 1898 lationis:
1148 1834 1227 1896 Nam
1251 1831 1351 1897 Moses
1372 1833 1436 1900 sea
1458 1837 1520 1903 Deo
1542 1841 1654 1902 millum
1704 1841 1767 1904 ardi-

152 1921 271 1985 buissenr
298 1919 438 1982 Ausiores
459 1917 605 1980 Vetsronir
626 1916 814 1997 Septuaginta
850 1916 940 1979 lnter·
982 1934 1047 1990 eat,
1070 1913 1388 1992 acmlllionemsuam,
1412 1916 1522 1998 legem,
1545 1921 1769 2000 &dedititiam

150 2021 284 2084 pretum,
306 2021 369 2084 qua
392 1999 421 2060 in
444 1995 670 2060 rabuanriaribus
691 1998 727 2059 ab
747 1995 940 2060 hebraicisco·
981 2017 1069 2078 quam
1092 1996 1145 2062 Dei
1168 1994 1287 2061 nomine
1308 1997 1491 2079 promulgat,
1515 2021 1581 2062 cum
1604 1989 1770 2080 ffiaculis,

150 2083 263 2146 dicibus
285 2103 342 2144 non
365 2077 495 2141 diffidet.
519 2101 546 2159 3.
568 2079 637 2158 quia
656 2077 790 2142 credibile
823 2097 880 2140 non
903 2079 941 2142 eli
982 2093 1045 2140 turn
1069 2077 1222 2160 prophetia
1243 2097 1348 2142 eventu
1359 2080 1567 2160 comprobata,
1590 2084 1768 2147 eandoem·

151 2161 272 2226 voluisse
296 2163 403 2233 ludens
425 2160 517 2221 sacros
548 2158 670 2222 Codices
699 2161 855 2239 depravate
878 2202 886 2234 ,
909 2161 937 2221 in
980 2177 1021 2217 ne
1045 2157 1192 2220 saniiitate
1209 2158 1406 2238 comprobat.
1429 2159 1544 2222 Similia
1564 2180 1717 2227 occurrunt
1738 2163 1770 2226 iu

150 2263 226 2324 quos
247 2261 330 2306 tanto
352 2241 493 2304 studio&
516 2240 673 2303 reverentia
694 2239 882 2312 serebantur,
905 2260 938 2302 ut
978 2235 1044 2300 aliia
1065 2237 1275 2317 Prophetarum
1299 2236 1404 2299 libris.
1426 2239 1490 2302 Nec
1520 2242 1554 2303 de
1585 2243 1768 2323 Sapientiali·

151 2324 246 2404 parati
269 2323 354 2386 esseut
376 2336 500 2384 mortem
524 2319 623 2401 potius
642 2317 760 2392 subite,
782 2335 871 2398 quam
895 2317 939 2381 vel
981 2317 1060 2391 bus,
1091 2317 1121 2377 br
1152 2317 1306 2379 Hibericis
1335 2317 1416 2380 libris
1444 2319 1589 2384 dubitatio
1619 2343 1770 2387 occurrere
1832 2367 1836 2372 -

150 2405 265 2544 apicem
288 2403 317 2464 in
340 2400 397 2464 illis
419 2401 591 2496 immutate,
616 2415 646 2460 ut
670 2396 940 2539 scribuntiospplrus
982 2397 1072 2492 potest
1095 2396 1171 2458 ulla.
1194 2397 1275 2460 Tum
1295 2397 1363 2477 quia
1384 2398 1571 2496 sapientiales
1598 2400 1669 2502 libri
1688 2405 1774 2500 'leges

149 2482 589 2644 l÷n¹·n?ifi,l?i¹.⁰i‘i’
611 2479 642 2542 ἃ
663 2477 747 2655 1110
767 2478 843 2560 '⁹¹¹⁶
883 2476 940 2541 a,
981 2477 1771 2646 {liliiutinsiliaiulil‘il'lil‘

90 2659 156 2738 51·
191 2643 262 2739 Qua
292 2659 389 2706 autem
420 2659 590 2724 argumenta
608 2642 739 2733 ¹Vetetrs
759 2641 938 2736 Tellamcnti
979 2637 1190 2732 Deuslpsefl
1243 2639 1357 2704 senlm
1379 2639 1409 2702 bi
1430 2660 1569 2738 precepta
1591 2647 1768 2712 tradunrbe·

147 2724 494 2887 'stultissimi
504 2719 636 2883 uili
639 2721 937 2876 {inlisisinlisis
979 2717 1604 2882 invisilia‘diffinibilis'
1618 2726 1769 2872 sessi?

147 2883 216 2947 libri
240 2886 269 2946 in
293 2885 391 2958 rebus,
413 2905 476 2968 qua
495 2881 659 2964 adnfidem,
684 2879 829 2960 moresque
851 2881 934 2960 perri·
979 2877 1020 2972 ris
1038 2897 1097 2952 non
1122 2878 1218 2972 minua
1237 2899 1332 2960 quam
1352 2901 1370 2942 a
1393 2879 1505 2964 seipso.
1530 2883 1669 2949 Dositina
1690 2887 1772 2965 bac,

148 2983 238 3040 nent,
263 2965 351 3028 iidem
375 2963 456 3038 sunt,
479 2965 509 3026 ur
532 2965 632 3057 eodem
655 2961 743 3056 modo
758 2959 936 3057 reperiuntur
979 2959 1074 3040 inquit
1098 2959 1273 3054 Augustinus
1295 2959 1346 3024 lib.
1371 2982 1418 3023 ao.
1440 2964 1474 3026 de
1495 2962 1627 3030 Civirbte
1663 2967 1717 3030 Dei
1741 2991 1768 3032 c.

146 3040 800 3210 illisit?siriilid‘il‘rrllill
821 3041 936 3194 llil:
976 3039 1779 3208 ii·tisimiiiii}³filiii?iiililllilff‘ifs

147 3223 215 3348 ¹tas,
238 3211 267 3271 br
290 3211 446 3350 Pgutianps
467 3209 495 3270 in
518 3207 658 3349 otgotz,
681 3207 711 3268 δι
732 3203 806 3347 aputd
825 3204 936 3348 Cathpd
976 3201 1259 3347 ssLemcoffli‘ffi:
1281 3201 1444 3348 siauspirpnr'e
1479 3205 1542 3270 Deo
1570 3208 1769 3355 cppssscriprar·

148 3306 458 3433 srrrurrrr:
477 3305 752 3462 urnrrma
766 3305 936 3462 aitrau
962 3329 1039 3439 u,
1062 3304 1218 3447 aar,
1239 3306 1555 3461 ¹⁰,rrrtrrrrr
1577 3311 1766 3445 ,artur

147 3465 265 3511 tentata
284 3449 373 3512 suisset
395 3451 581 3532 depravatro,
606 3469 669 3514 earn
682 3448 739 3510 illa
752 3447 935 3524 harettctes·
978 3466 1041 3508 rum
1064 3446 1237 3526 synagoga,
1259 3445 1391 3530 deruceps
1412 3470 1429 3510 a
1450 3449 1556 3512 Cirtilii
1582 3453 1705 3517 Ecclefia
1717 3477 1755 3520 ve

147 3529 325 3606 probtassent
347 3573 356 3606 ,
377 3530 417 3606 ,bt
447 3528 744 3594 vicili'rmltaereticla
764 3528 931 3590 Catholici.
978 3525 1032 3588 luti
1058 3525 1118 3589 Deo
1141 3525 1296 3606 inspirante
1327 3527 1480 3610 conscripti
1510 3529 1629 3614 suscepti
1659 3533 1737 3598 fluere

146 3607 284 3690 Denique
304 3631 354 3676 nec
375 3629 507 3691 tempus,
529 3631 580 3673 nec
602 3613 722 3680 modus,
745 3629 795 3671 nec
817 3607 934 3671 Autho·
976 3624 1064 3687 atquc
1085 3607 1114 3667 in
1138 3605 1267 3670 maxima
1288 3607 1471 3673 veneratione
1492 3611 1583 3675 lrablti
1600 3627 1614 3672 .“
1632 3614 1672 3677 lis
1693 3635 1764 3696 ergo

147 3710 193 3752 tes
215 3689 377 3765 hujusmodi
406 3689 621 3772 depravationis
652 3689 770 3772 proferri
804 3691 933 3772 poliunt.
975 3685 1184 3750 charasieribus
1204 3687 1310 3749 muniti
1333 3691 1480 3770 prodiere,
1501 3694 1605 3775 quibus
1621 3696 1764 3760 corallaret

147 3772 262 3851 Negari
284 3791 381 3837 tamen
403 3793 462 3835 non
485 3773 593 3854 potest,
616 3793 708 3835 errata
728 3769 810 3852 plura
844 3769 931 3832 levio
974 3770 1115 3832 divinitus
1137 3768 1295 3832 revelatam
1316 3770 1477 3834 doditinam
1498 3773 1675 3839 continere.
1700 3781 1759 3839 Ne·

144 3852 185 3914 ris
207 3854 354 3916 momenti
376 3856 406 3916 in
425 3852 527 3916 Sacros
546 3851 669 3916 Codices
683 3851 842 3931 irrepuilse‚
863 3871 934 3932 quas
973 3871 1033 3934 que
1051 3851 1128 3912 enim
1152 3849 1317 3930 presumere
1337 3869 1387 3913 aut
1409 3850 1543 3934 suspicati
1563 3853 1652 3928 licet,
1673 3858 1760 3938 Syna.

145 3931 282 4009 incuria,
306 3935 337 3995 δι
358 3933 365 3995 1
407 3934 524 3997 orantia
534 3933 694 3996 Scribarum
707 3931 823 4013 potius,
843 3949 930 4008 quam
972 3950 1078 4012 prgam
1099 3930 1280 4002 sudantum,
1300 3949 1363 4012 qua
1384 3951 1450 3994 vera
1469 3933 1523 3998 Dei
1542 3931 1762 4012 Ecclesraerat,

144 4013 329 4091 iudaeorum,
350 4017 531 4095 aiurumque
550 4014 669 4076 malitiae
690 4009 932 4076 tribuarldalunt.
972 4013 1002 4073 lit
1023 4031 1086 4091 qua
1107 4009 1170 4074 Deo
1200 4010 1321 4073 doceare
1351 4011 1491 4075 didicerat
1522 4014 1597 4078 inter
1627 4018 1759 4082 Verbum

144 4094 270 4174 Regulas
292 4093 474 4178 prescribitur
504 4095 680 4166 Aetnaea,
712 4091 865 4173 presertim
897 4114 932 4156 aa
975 4091 1029 4154 Dei
1051 4095 1081 4153 br
1102 4090 1256 4154 hominum
1277 4091 1435 4155 doiirinanr
1458 4095 1655 4176 distinguere,
1677 4097 1757 4162 susci.

144 4175 311 4255 Augusiino
334 4177 409 4239 libro
435 4197 481 4239 rr.
501 4191 602 4238 contra
625 4175 759 4236 Paullum
780 4189 931 4250 c.a.qua·
974 4192 1039 4256 pere
1062 4169 1178 4236 voluisse
1198 4170 1291 4234 veluti
1310 4173 1424 4235 divinos
1444 4171 1532 4237 libros
1563 4176 1655 4252 illos,
1686 4197 1763 4258 quos

142 4273 208 4317 rum
232 4255 283 4318 usu
303 4255 442 4336 corrigi,
474 4256 504 4317 bt
525 4243 676 4336 espurgdti
706 4253 783 4315 Sacri
812 4252 933 4316 Codices
973 4249 1198 4334 perspicuenon
1220 4251 1308 4316 nosset
1329 4271 1459 4317 exaratos
1489 4253 1569 4318 snitu
1595 4257 1632 4318 ab
1661 4259 1756 4320 homi-

144 4333 272 4418 posiint.
295 4337 362 4400 Una
384 4357 452 4401 vero
472 4355 558 4416 arque
580 4331 721 4398 tutiliima
749 4333 847 4412 tegula
875 4334 931 4409 eli,
974 4333 1056 4394 nibus
1077 4353 1094 4394 a
1117 4331 1180 4398 Deo
1202 4331 1291 4395 missas
1312 4378 1322 4404 ,
1343 4339 1374 4397 br
1397 4334 1507 4399 Divino
1527 4336 1637 4414 Spiritu
1670 4338 1758 4419 inspi-

142 4415 305 4493 iradiciurn,
326 4435 414 4499 atque
429 4415 728 4490 sententiaEcclelia,
747 4415 796 4476 cui
815 4434 929 4478 concre-
970 4413 1058 4478 ratis.
1083 4415 1128 4474 Ac
1151 4412 1246 4475 multo
1267 4413 1363 4476 rninus
1383 4415 1519 4480 affirmari
1542 4417 1569 4477 id
1591 4417 1699 4497 poterit
1718 4420 1757 4484 de

143 4497 209 4560 dita
230 4495 427 4580 sane-eloquia
451 4496 503 4560 Dei
526 4541 535 4570 ,
556 4497 602 4560 cai
622 4497 653 4563 in
673 4490 855 4559 cusiodiendo
876 4493 926 4558 Di·
968 4493 1075 4556 Cbtisli
1097 4493 1238 4568 Ecclefia,
1261 4495 1307 4557 cui
1330 4495 1482 4590 peculiaris
1509 4495 1663 4559 assrslemia
1689 4517 1757 4580 peu·

144 4577 224 4644 sura,
240 4577 422 4650 revelationis
432 4577 560 4664 deposita
570 4576 729 4644 lustrantia
739 4575 931 4661 privilegium
971 4573 1072 4655 milla,
1093 4595 1125 4638 ac
1149 4575 1280 4644 uberiora
1297 4576 1453 4660 privilegia
1471 4575 1599 4642 caucella
1615 4575 1756 4724 srurErprt.
