3898 5268
241 132 354 210 126·
597 107 1537 218 RESTITUTIO,An·r.I.

236 250 305 302 sent
325 232 416 300 totius
437 224 564 304 damni,
586 229 616 291 in
638 230 717 313 quod
738 227 894 295 efficaciter
913 225 1031 292 influxit
1110 226 1141 289 Si
1161 239 1260 290 autem
1283 225 1432 290 revocatio
1462 224 1592 292 mandati
1615 236 1685 294 ante
1714 221 1890 291 executio·
1926 257 1929 288 ;

235 324 299 460 ι
320 317 490 460 curum
537 310 623 454 ‘lli
643 311 723 456 u
743 313 889 455 ‘tur’
906 309 1029 454 ιιι.
1070 304 1359 454 neusin
1380 307 1886 456 'sulrtleuurrue

171 553 173 556 Ι
248 419 302 557 iia,
317 417 373 544 egen
391 409 648 561 ῃιιὲῐῗηξιιθιιοῐιις,
669 473 698 534 in
729 410 1028 549 lamlificaiimeui,
1070 407 1385 537 tlmdmeeieuerur’i
1416 475 1490 534 ead
1512 433 1881 555 restitutionem,·’qnia,

235 581 326 644 quam
348 558 470 642 ipsemet
492 558 656 655 Erecuror,
679 553 959 620 seuMandatatins.
982 559 1031 619 Sic
1071 549 1565 700 leilstrirlrstalllieelluvieliialrlinuli
1577 599 1586 630 ,
1597 553 1896 700 ,giiisstrdmgffi

179 745 215 807 pp
236 643 631 788 welmnillaligmllllliulolum
655 731 770 783 tenetm
790 715 826 780 ad
859 717 1028 793 damnum,
1070 719 1194 778 munis.
1228 713 1306 776 Item
1328 729 1442 778 tenetur
1463 656 1611 782 Maltdans
1630 717 1667 780 ad
1701 715 1874 780 restitutio-
1903 741 1929 787 τι

179 803 180 806 ’
236 806 319 888 quod
337 799 586 878 desaiiojuslit,
608 796 766 864 sedetiam
788 797 928 875 adillud,
950 799 1028 880 quod
1069 816 1168 873 nem,
1201 795 1337 892 quamvis
1364 798 1514 862 revocatio
1536 798 1666 861 mandati
1700 797 1881 880 pervenerit

272 884 392 952 revidere
412 901 528 968 potarat
548 903 584 945 ex
605 879 827 946 circumstantiis
848 878 1031 951 secutorum
1072 877 1108 940 ad
1129 876 1266 942 notitiam
1290 875 1490 953 Mandatum-i,
1515 879 1534 941 sr
1557 878 1616 962 ipse
1637 878 1878 958 Mandatarins,

273 967 318 1030 inc
340 966 359 1028 fr
381 965 517 1048 pracepit
538 961 679 1037 lantum,
711 978 744 1024 ut
764 961 947 1027 combureret
962 961 1028 1026 'Do-
1071 958 1119 1024 vel
1141 978 1200 1023 non
1221 957 1337 1022 credens
1359 955 1459 1022 seriam
1480 959 1532 1024 esse
1554 962 1800 1037 revocationem,
1827 964 1878 1028 vel

235 1067 319 1112 mom
340 1047 419 1145 Titii
448 1045 617 1126 contiguam
649 1041 772 1107 aliorum
795 1043 968 1119 Domibns,
999 1043 1031 1107 δι
1071 1039 1222 1104 {irruite
1241 1036 1334 1114 seria,
1356 1039 1454 1122 polleo
1476 1039 1686 1107 inuincibiliter
1707 1041 1796 1106 illius
1820 1043 1877 1106 im-

236 1129 366 1194 attentis'
378 1125 602 1192 circumstantiis
622 1123 701 1200 loci,
734 1122 903 1207 temporis,
925 1125 1028 1200 venti,
1070 1141 1186 1184 memor
1207 1119 1349 1184 damnum
1370 1137 1505 1185 executus
1525 1124 1583 1196 esi,
1603 1126 1672 1205 quia
1692 1143 1791 1200 tuno,
1817 1145 1877 1188 nort

236 1209 391 1287 incendii,
413 1210 444 1274 tr
464 1205 629 1282 hujusmodi
650 1206 806 1288 prauidere
826 1222 971 1288 poterat,
1000 1206 1031 1269 ἀ
1071 1201 1202 1266 obstante
1224 1202 1279 1266 tali
1297 1201 1484 1267 revocatione
1505 1249 1515 1281 ,
1538 1203 1631 1269 adhuc
1652 1205 1804 1270 damnum
1828 1229 1876 1272 ve

179 1325 218 1356 κ,
237 1290 358 1356 debebat
392 1290 487 1374 plures
509 1288 623 1352 Domus
643 1287 708 1349 inde
731 1287 965 1361 comburendas,
988 1303 1028 1352 te·
1071 1282 1248 1348 resecatum
1272 1283 1310 1348 esi
1329 1305 1364 1346 cr
1385 1284 1416 1347 ui
1439 1282 1480 1350 sui
1501 1285 1595 1368 iniqui
1627 1287 1793 1351 mandati.
1830 1293 1879 1352 Sir

236 1367 322 1439 iretur
353 1371 390 1434 ad
422 1370 560 1436 omnium
581 1369 755 1434 damnorum
789 1367 1031 1434 restitutionem,
1073 1365 1204 1429 Doslores
1225 1365 1290 1429 (rc.
1314 1361 1443 1462 passum..
1926 1371 1929 1486 l

239 1456 420 1518 communis.
1114 1448 1264 1510 Marrdaos
1292 1465 1351 1509 non
1381 1447 1521 1512 astruitur
1549 1447 1586 1512 ab
1606 1447 1794 1534 obligatione
1834 1474 1872 1516 re
1890 1479 1918 1518 re

182 1535 221 1602 16
281 1536 452 1611 Mandant,
475 1535 495 1596 fi
516 1533 550 1597 lit
570 1531 727 1616 Superior,
750 1547 864 1598 tenetur
884 1529 974 1596 etiam
997 1531 1033 1595 ad
1075 1527 1260 1624 stitutionis,
1291 1527 1454 1607 quamvis,
1484 1529 1519 1624 fi.
1535 1529 1593 1614 ipse
1614 1553 1671 1596 non
1709 1535 1875 1600 mandasset

241 1615 455 1682 restitutionem
478 1617 680 1686 damnorum,
711 1633 775 1694 quc
795 1615 907 1697 patitur
939 1613 1030 1676 Man·
1073 1609 1214 1674 clurinum
1247 1605 1448 1686 inserendum,
1480 1609 1555 1674 altus
1575 1612 1611 1676 ab
1641 1610 1704 1693 ipso
1725 1613 1788 1678 tale
1828 1617 1874 1680 cla

241 1698 370 1760 dacerius
400 1718 435 1761 err
457 1694 506 1760 sua
534 1695 732 1770 executione,
754 1717 785 1760 v.
807 1717 837 1776 gt
871 1694 1033 1778 supropter
1073 1711 1179 1756 mnutn
1200 1689 1387 1755 mandavisset
1409 1713 1420 1765 ς
1439 1692 1518 1768 Quia
1539 1691 1634 1769 licet,
1667 1693 1721 1757 illo
1744 1715 1808 1760 non
1833 1702 1874 1773 ju·

241 1777 353 1840 crimen
385 1777 566 1851 mulsimus,
599 1773 772 1840 inexilium
804 1776 972 1852 mittatur,
1002 1776 1032 1838 iic
1074 1773 1162 1836 bente
1183 1817 1196 1850 ,
1216 1770 1317 1836 'adlatae
1348 1770 1486 1836 damnum
1508 1770 1751 1840 insuescentem
1773 1821 1784 1853 ,
1806 1799 1875 1843 cnm

239 1855 440 1931 huiusmodi.
474 1855 569 1930 lullio
595 1856 675 1922 enim
709 1856 868 1939 Superioris
901 1857 1034 1920 continet
1075 1874 1171 1918 carneo
1204 1854 1235 1914 in
1255 1851 1314 1917 tale
1342 1853 1482 1917 dantum
1505 1854 1653 1920 Mandant
1672 1875 1739 1920 vere
1776 1857 1872 1924 effice

264 1939 402 2007 eamdem
421 1939 506 2015 vim,
528 1940 559 2003 δι
579 1939 756 2004 massionem
780 1937 921 2001 moralem
945 1936 1033 2020 respe-
1074 1937 1147 2000 citer
1178 1932 1354 2011 influxerit,
1387 1935 1438 2018 ipfi
1458 1949 1610 2017 tamquam
1642 1937 1730 2001 causa
1760 1939 1874 2004 efficaci

240 1958 445 2098 goriubditi,
476 2022 518 2083 ita
552 2035 586 2084 nt
607 2039 666 2084 aon
687 2036 748 2083 tam
781 2018 909 2102 sponte,
944 2039 1034 2100 quem
1075 2017 1114 2081 esi
1135 2015 1356 2098 imputandum,
1376 2036 1442 2079 cum
1462 2015 1499 2078 ad
1521 2017 1634 2082 causam
1656 2017 1802 2086 efficacem
1814 2023 1873 2087 sus·

241 2121 257 2162 c
295 2101 338 2164 iic
360 2100 506 2166 censeatur
525 2099 638 2183 operari
660 2144 670 2176 ,
693 2103 723 2165 δι
744 2101 810 2166 talis
833 2099 1035 2166 Mandatarius
1075 2097 1154 2162 liciat
1176 2118 1260 2161 verus
1281 2094 1432 2174 influxus,
1455 2117 1507 2162 nec
1529 2099 1562 2161 fir
1583 2101 1712 2175 necesse,
1730 2106 1814 2184 quod
1838 2107 1874 2166 fi-

276 2182 295 2244 b
325 2181 377 2246 ille
406 2182 574 2246 conditione
610 2180 727 2264 suscipit
757 2183 959 2257 mandatum,
1003 2199 1036 2248 ut
1077 2203 1113 2242 uc
1145 2176 1211 2260 ipsa,
1233 2180 1372 2240 dammim
1403 2198 1460 2242 non
1482 2177 1574 2260 fuisset
1608 2181 1772 2252 aninumr
1806 2187 1876 2248 Per

283 2262 509 2327 andans-subeat
538 2281 613 2326 onos
632 2262 777 2329 oriturum
799 2286 835 2328 er
867 2263 1036 2328 executione
1076 2259 1132 2322 hoc
1166 2258 1245 2322 enim
1300 2259 1357 2322 uod
1386 2258 1455 2323 licet
1484 2259 1559 2324 alius
1593 2260 1772 2327 combuilisset
1806 2265 1871 2327 do-

245 2341 284 2404 lui
307 2345 457 2416 mandari3
478 2346 566 2406 Secus
584 2361 682 2406 aurem
705 2343 893 2408 liMandans
913 2363 972 2406 non
1001 2344 1035 2406 fit
1075 2361 1178 2415 mom,
1201 2339 1221 2402 ti
1242 2279 1338 2420 ipsam
1357 2359 1417 2404 non
1437 2341 1629 2436 cornhusiisler
1652 2343 1753 2408 Paulus
1772 2387 1783 2414 ,
1803 2365 1873 2408 noa

244 2423 396 2506 Superior,
419 2425 465 2489 sed
487 2423 609 2488 mandet
626 2423 717 2498 alicui
735 2426 766 2490 ui
788 2423 940 2508 stipendii,
963 2423 1034 2507 quia
1074 2416 1212 2497 tollitur,
1234 2420 1313 2501 quod
1336 2422 1445 2484 Paulus
1462 2421 1552 2506 ipsam
1575 2445 1634 2488 non
1657 2424 1871 2501 combuslerit,

242 2521 311 2568 runc
331 2505 536 2570 Mandatarius
556 2504 680 2568 omnino
701 2505 868 2571 voluntarie
888 2507 917 2567 in
940 2504 966 2570 se
988 2525 1034 2587 pe-
1076 2503 1183 2569 fivere
1202 2522 1267 2566 eam
1288 2501 1471 2566 combussit.
1503 2505 1646 2582 Quamvis
1675 2506 1754 2569 enim
1788 2511 1871 2567 lilar-

241 2585 364 2648 siculum
386 2586 531 2662 assumit,
561 2605 628 2648 cum
650 2585 686 2648 ad
708 2586 737 2648 id
757 2609 791 2648 ex
822 2585 972 2649 contrusio
1002 2589 1035 2648 stt
1076 2582 1143 2646 thaei
1168 2583 1214 2646 18.
1241 2597 1319 2648 nuos
1342 2605 1372 2662 7.
1403 2584 1542 2663 duatus,
1574 2590 1649 2669 quorl
1679 2587 1787 2666 neceffe
1810 2588 1870 2667 esi,

241 2666 391 2743 mercede,
415 2665 462 2738 seu
483 2665 621 2752 slipeodio
642 2663 816 2734 couduiius.
837 2671 884 2728 Sic
905 2665 1036 2728 Dasium
1075 2681 1107 2725 ut
1127 2667 1243 2728 venitm
1258 2663 1420 2745 scandala,
1454 2684 1552 2732 tamen
1575 2689 1629 2732 non
1650 2669 1784 2733 obumte
1821 2667 1874 2734 tali
1928 2745 1929 2748 Ἴ

238 2749 357 2828 paffim.
1077 2744 1239 2810 necellirate
1257 2747 1353 2829 gravis
1383 2750 1576 2814 comminatio
1607 2750 1729 2815 incurrit
1764 2769 1871 2814 contra
1928 2755 1929 2822 ζ

178 2847 226 2907 ray
287 2829 441 2893 Mandane.
455 2829 549 2895 occidi
572 2829 690 2894 Petrum
711 2873 720 2903 ,
743 2828 811 2894 licet
831 2826 1036 2896 Mandararius
1077 2827 1262 2892 inducentem
1285 2827 1479 2906 scandalum,
1510 2831 1550 2893 ibi
1574 2854 1588 2893 e
1613 2837 1810 2895 Verumtamen
1830 2857 1872 2894 ιι

239 2918 438 2992 perlustrarem
458 2913 574 2976 occidat
594 2911 735 2988 Paulam,
757 2910 856 2974 adhoc.
869 2909 928 2990 ipse
946 2912 1033 2974 Μαι·
1075 2907 1182 2972 bomini
1202 2911 1250 2972 illi
1260 2955 1268 2984 ,
1286 2927 1338 2991 prr
1357 2933 1437 2992 quem
1454 2911 1625 2991 [cadalum
1643 2917 1744 2977 venit·

242 2991 314 3053 dans
334 3003 453 3055 tenerur·
469 2995 509 3056 sd·
527 2991 770 3076 compensandum
783 2990 1032 3056 torumdamnum
1118 2991 1173 3054 Per
1193 2987 1223 3073 ly
1244 2992 1396 3067 Consslium
1417 2992 1500 3058 venit
1518 2995 1617 3058 omnis
1639 2996 1716 3070 ille,
1747 2995 1803 3076 qui
1835 2997 1869 3062 ad
1887 3015 1910 3074 tp

240 3091 278 3136 aa
298 3089 396 3136 morte
416 3073 499 3138 Pauli
518 3073 666 3150 securotn,
688 3073 758 3157 quia
778 3095 813 3136 ex
836 3072 921 3153 ipsus
943 3073 1031 3157 impe-
1074 3070 1340 3136 damnilicationem
1363 3072 1490 3154 aliquem
1513 3075 1670 3152 consulit,
1692 3075 1871 3156 persuadet,

241 3151 289 3214 uio
307 3155 354 3216 all
368 3151 522 3219 efficaciter
542 3153 693 3218 secutum.
713 3155 900 3216 Communis.
926 3173 928 3180 ⁴
1073 3152 1186 3228 allicit,
1210 3153 1340 3228 insinuit,
1364 3173 1486 3230 morat,
1509 3173 1611 3238 rogat,
1633 3157 1777 3222 auxilinm
1802 3180 1871 3242 prz-

181 3231 226 3293 18·
280 3232 311 3294 Si
342 3234 549 3306 Mendatasius
577 3235 696 3299 excedat
726 3237 902 3298 mutuarum
927 3235 956 3298 in
984 3236 1032 3300 cla
1074 3236 1142 3311 bet,
1164 3231 1336 3300 facilitatem
1351 3231 1414 3312 ,'&
1433 3237 1553 3302 modum
1575 3238 1731 3315 ostendit,
1761 3240 1795 3302 &-
1818 3241 1871 3303 lro·

236 3332 313 3376 mnu
333 3311 503 3390 instrenuo,
526 3331 562 3379 ut
581 3317 601 3379 si
622 3316 706 3388 juffirs
726 3317 893 3380 comburere
915 3332 1032 3384 tantum
1073 3316 1194 3392 jusmodi
1216 3340 1224 3390 ;
1253 3317 1336 3381 Talis
1364 3317 1443 3383 enim
1475 3319 1625 3384 contrahit
1653 3320 1871 3402 obligationem

133 3424 137 3434 x
244 3394 406 3467 Domum,
438 3396 470 3456 &
491 3395 551 3477 ipse
571 3397 672 3460 volens
691 3397 843 3462 comburat
862 3398 953 3462 etiarn
990 3399 1032 3462 ui·
1073 3397 1263 3464 restitutionis
1284 3419 1338 3480 pro
1359 3403 1469 3464 damno
1496 3423 1531 3465 ex
1552 3400 1695 3475 ejusmodi
1716 3402 1869 3476 retrusio,

240 3475 340 3550 neas,
370 3474 504 3556 segetes,
526 3477 557 3540 δι
577 3475 743 3551 hujusmodi
760 3523 776 3555 ,.
802 3497 870 3543 tunc
890 3479 1032 3544 excellum
1074 3479 1120 3545 vel
1144 3477 1267 3544 suasione
1289 3479 1379 3564 reipsa
1400 3479 1497 3548 secuto
1519 3527 1529 3558 ,
1561 3503 1629 3548 cunt
1651 3483 1688 3546 fic
1709 3480 1872 3548 efficaciter

238 3553 325 3618 ilum
358 3575 415 3619 non
438 3557 616 3635 Mandant,
647 3557 692 3622 sed
713 3559 917 3625 Mandatarius
953 3581 1032 3626 erce-
1073 3559 1227 3626 consulens
1243 3559 1306 3634 tale·
1332 3563 1475 3628 danaum
1506 3565 1539 3627 fit
1560 3586 1628 3631 vere
1656 3563 1740 3630 causa
1759 3565 1870 3629 illius.

240 3635 311 3700 <bns
331 3639 515 3718 compensare
535 3656 678 3718 terretur,
706 3641 775 3722 quia
796 3642 834 3704 eli
855 3639 965 3706 setuttu
997 3667 1032 3708 ex
1075 3647 1257 3706 Communes.
1320 3661 1326 3686 ··

240 3715 304 3778 sola
322 3718 437 3782 malitia
457 3719 668 3797 Mandatatii,
699 3721 809 3788 &non
830 3745 866 3787 ex
888 3723 1031 3786 Mandan·
1113 3722 1275 3788 Consulens
1293 3746 1329 3789 ex
1347 3725 1519 3809 stipendio,
1551 3728 1582 3792 δι
1604 3750 1639 3792 er
1659 3726 1769 3793 Officio
1792 3726 1873 3806 suo,
1891 3745 1920 3800 τι

121 3861 125 3874 p
239 3796 282 3860 tis
300 3800 458 3862 mandato.
480 3806 658 3864 Communis.
1072 3825 1131 3868 non
1155 3803 1247 3870 solum
1269 3821 1384 3872 tenetur
1403 3807 1439 3872 tle
1460 3808 1539 3872 malo
1571 3810 1690 3874 consilio
1710 3833 1745 3876 er
1769 3811 1876 3888 dolo,

182 3895 218 3950 19
281 3879 671 3945 &Mandansmandatum
694 3881 778 3946 suum
798 3902 866 3948 anre
886 3885 1032 3950 executio·
1072 3885 1119 3948 vel
1141 3885 1306 3968 culpe-ura
1324 3931 1336 3965 ,
1357 3888 1392 3951 ed
1412 3887 1874 3965 etiamexleri31ntercon-

236 3979 305 4022 nem
327 3961 417 4025 verbo
430 4005 446 4038 ,r
462 3959 588 4045 scripto,
612 3961 658 4026 vel
680 3966 785 4028 nuncio
804 3967 1030 4043 verererraiiet,
1075 3965 1213 4032 sulenrem
1235 3969 1331 4046 enim,
1355 3968 1385 4032 ἀ
1406 3991 1495 4047 eom,
1513 3973 1566 4054 qui
1586 3971 1693 4056 accipit
1714 3973 1876 4038 confilium

239 4038 288 4104 seu
309 4058 448 4114 revocet,
466 4041 501 4104 ἃ
521 4045 671 4108 revocatio
689 4045 726 4107 ad
747 4047 884 4110 notitiam
907 4047 1030 4112 Manda-
1073 4048 1223 4112 intercedit
1244 4049 1408 4114 contraslus
1426 4053 1545 4134 quidem
1571 4055 1599 4118 in
1622 4053 1783 4120 utilitatem
1794 4055 1876 4119 ratri·

237 4122 314 4266 lallil
327 4125 507 4267 pgrdueniat,
537 4123 701 4269 tuncldibedr
721 4127 818 4222 eliab
850 4128 1031 4274 ubliffiiooe
1073 4127 1178 4274 usgge,
1200 4131 1436 4276 quaudoqfirpidem
1457 4133 1480 4200 fi
1498 4135 1646 4230 consultus
1667 4137 1876 4282 recsipitcom-

241 4226 296 4347 ,iu
317 4224 803 4358 leterislsszrtlnlll
817 4229 938 4366 lists,
962 4228 1031 4374 all:
1072 4231 1330 4388 {solstitiis
1350 4234 1795 4378 inlisisinlisis}
1818 4241 1875 4364 ἐξ

238 4381 307 4428 tnnc
328 4367 391 4432 tale
408 4370 548 4433 damnum
568 4389 627 4437 noo
652 4369 778 4452 sequitur
802 4395 837 4439 etr·
859 4371 1032 4437 Mandanrie
1073 4389 1154 4449 tent,
1175 4393 1225 4454 qut
1248 4375 1404 4441 cadumin
1426 4377 1507 4441 utilit
1608 4380 1783 4465 utriusque,
1804 4381 1874 4445 ori-

240 4449 398 4526 mantlato,
421 4468 488 4515 cunr
510 4449 597 4517 fuerit
617 4472 685 4522 uere
706 4471 896 4530 reuocatum,
920 4452 964 4517 sed
987 4474 1030 4517 r-o·
1073 4472 1120 4517 tur
1141 4455 1287 4537 obligatio
1319 4457 1409 4530 er'nm
1439 4481 1455 4522 e
1495 4459 1580 4543 culpa
1597 4447 1688 4539 leui,
1718 4481 1752 4528 ut
1772 4479 1872 4542 grener

243 4545 306 4590 tum
339 4529 465 4612 sequitur
495 4555 532 4600 ex
562 4553 644 4600 mera
673 4534 789 4606 malitia
821 4534 1031 4602 Mandatarii.
1072 4541 1238 4620 Commums
1253 4537 1398 4614 nesiorum
1465 4556 1611 4608 rtartum
1636 4541 1664 4614 iu
1699 4545 1721 4609 l.
1745 4551 1870 4609 Contra·

244 4614 429 4680 Communis.
489 4679 491 4683 ,
1074 4616 1131 4690 litet
1154 4640 1206 4705 ²3·
1218 4619 1258 4698 ffs
1278 4620 1314 4688 de
1333 4621 1449 4708 legalis
1461 4625 1567 4704 isoio.
1627 4650 1630 4661 ¹
1746 4707 1827 4772 cm.
