4008 5258
294 115 378 200 230
530 81 1550 190 SACRAMENTUM,Aar.1L

233 197 411 270 vincandoat
432 191 514 276 atqui
537 196 556 258 sr
578 219 636 262 non
659 198 820 265 conserteot
841 219 891 284 per
913 196 961 276 se,
983 220 1016 264 ac
1058 217 1118 262 rem
1139 192 1276 258 Gratiam
1299 193 1465 260 conserunt.
1488 189 1676 265 Communis,
1710 188 1848 289 &cpllt'a

233 303 267 343 cx
288 275 427 360 primaria
447 274 496 341 sua
518 275 697 344 inllitutione
721 281 845 364 primam
859 281 1016 359 Gratiam,
1059 279 1136 362 gitur
1157 299 1191 342 ex
1211 277 1305 342 Cone.
1325 275 1410 339 Trid.
1436 276 1501 356 seff.
1532 293 1561 353 τ.
1593 276 1701 336 Caena.
1731 275 1855 368 331bie

231 377 289 421 non
311 357 398 422 essem
423 357 551 424 inllituta
572 359 607 423 ad
628 359 819 426 vivificandae
830 359 1017 444 spiritualiter
1058 361 1172 441 Siquis
1192 357 1317 434 dixerit,
1338 355 1392 418 hec
1409 360 1516 440 septem
1536 359 1716 418 Sacramenta
1737 357 1851 436 rrrrerse

230 457 382 517 mortuos,
405 437 450 508 sed
472 441 507 502 ad
528 441 741 518 nutriendum,
771 441 801 506 St
830 441 1016 508 corroborata·
1059 443 1102 505 r‘ra
1119 439 1175 520 effe·
1187 441 1289 522 paria,
1311 439 1439 502 utnulla
1459 438 1664 500 ratiorealiad
1679 435 1720 512 fir
1740 436 1850 501 &aoi-

229 519 299 584 dum
323 521 456 588 viventes
477 521 506 583 in
529 522 593 586 rita
613 520 772 605 spirituali,
794 521 936 604 ergooec.
1054 525 1162 602 gricas,
1191 519 1338 583 anathema
1362 519 1436 598 ſsa,
1464 519 1511 581 uhi
1543 535 1575 579 ut
1605 517 1686 581 vider
1708 517 1851 612 ,definit

171 625 208 678 aa
272 601 364 667 Ratio
394 602 464 666 item
496 600 618 668 secunda
648 605 738 686 partit
772 603 809 668 esi
831 601 925 678 clara,
946 602 1016 685 quia
1056 601 1222 666 Concilium
1254 600 1331 664 aliud
1364 602 1578 665 Sacramentum
1612 599 1663 661 elle
1704 596 1765 660 alto
1805 601 1849 662 di·

230 683 332 748 omnia
352 683 534 748 Sacramenta
555 683 628 760 rite,
651 687 681 748 St
703 685 790 766 digne
810 701 923 780 recepta
937 705 1017 748 num·
1060 683 1161 764 gnitate
1183 681 1310 764 Dignior
1329 698 1452 757 autem,
1470 681 1501 742 a
1521 677 1672 773 persedlipr
1693 675 1775 741 causa
1804 681 1847 744 di·

254 783 318 826 uaot
340 781 439 827 carent
460 761 509 826 suo
530 759 650 841 elleslu,
669 766 719 847 qui
741 765 779 828 esi
800 765 925 830 Graeca:
948 784 1018 849 ergo
1059 763 1221 846 gnioteot,
1251 763 1284 826 a
1302 761 1499 846 persolliorem
1531 759 1664 842 producut
1695 759 1848 842 encauto,

230 781 250 909 st
272 845 455 910 Sacramenta
475 843 668 912 Mortuerum
692 846 745 909 rite
758 843 953 912 ministrentur
967 845 1018 910 lto·
1061 844 1187 924 adeoque
1207 845 1264 908 &a
1284 847 1315 908 Se
1335 843 1538 923 consequenter
1560 843 1775 911 Sacramentum
1791 845 1851 908 Eu.

230 922 305 986 mini
329 925 387 998 jam
409 923 566 990 consiituto
589 927 618 988 in
640 925 744 992 Gratia
774 945 824 1008 per
854 926 1018 992 Contritio-
1060 924 1217 1000 clratillire,
1239 923 1308 1006 quia
1327 926 1463 989 omnibus
1483 923 1548 986 aliis
1569 923 1683 1004 dignius
1702 965 1710 998 ,
1732 925 1762 985 Sc
1785 943 1857 1005 per..

229 1021 302 1148 tlt
322 1003 551 1150 l'ie‘illel'i
573 1003 623 1070 ‘²¹⁰
643 1025 756 1103 “im
772 1005 891 1150 ‘³²⁰⁰ss
913 1007 1018 1152 iiim
1060 1003 1640 1151 stillula‘ltnlllll'lrlllm
1664 1021 1848 1148 illisi?

231 1105 378 1247 crisipi·
401 1129 543 1249 recipiens
561 1105 1019 1244 fiioiadtnidusiia’tiaueduilius
1062 1165 1138 1230 ribot
1161 1169 1318 1242 majorem,
1342 1171 1372 1232 δι
1385 1165 1609 1311 gersesliorem,
1630 1129 1720 1250 quam
1735 1105 1842 1231 aticia-

232 1261 279 1309 tut
299 1264 349 1328 per
372 1247 591 1318 Contritlonem
614 1245 766 1333 perseilam
792 1293 801 1327 ,
832 1265 864 1312 ut
887 1247 1019 1331 supponi·
1062 1266 1232 1324 crementa,
1253 1248 1364 1314 confert
1418 1251 1542 1314 cariam.

232 1339 304 1402 tur,
326 1343 393 1408 erpo
416 1345 465 1410 per
486 1327 617 1392 accident
638 1329 809 1408 secundam,
830 1331 1020 1412 leuaugmen-
1101 1329 1285 1394 Sacramenta
1305 1330 1430 1404 ejusdem
1452 1331 1466 1391 s
1483 1331 1554 1395 aciei
1576 1327 1639 1392 solo
1658 1347 1780 1393 numero
1807 1327 1847 1405 di·
1870 1355 1905 1412 ¹9

231 1421 297 1470 turn
322 1407 431 1470 Gratia
454 1407 577 1489 prima.
1063 1407 1181 1484 iliada,
1203 1428 1234 1473 ut
1258 1409 1352 1492 plures
1374 1351 1534 1492 Baptiimi,
1558 1410 1652 1492 ploret
1678 1409 1847 1504 ,Confirma-

174 1515 208 1579 ¹3
275 1487 461 1552 Sacramenta
484 1489 630 1554 Vivorum
654 1509 703 1572 pet
726 1491 752 1556 se
774 1534 783 1566 ,
807 1511 840 1554 ac
860 1511 894 1556 et
917 1486 949 1556 vi
971 1489 1024 1553 sua
1065 1489 1181 1567 monet,
1201 1493 1257 1553 &a
1281 1489 1396 1574 perse,
1419 1495 1449 1556 δι
1469 1495 1504 1557 de
1526 1492 1603 1574 Lege
1623 1490 1847 1556 ordrnariasem-

232 1567 376 1649 primaria
398 1567 587 1634 institutionis
607 1569 758 1636 conserunt
778 1571 911 1634 Gratiam
927 1567 1021 1634 secun·
1102 1573 1273 1651 raqualem
1296 1572 1444 1636 conserunt
1475 1575 1640 1646 Gratiam,
1675 1573 1723 1634 ubi
1758 1593 1848 1655 aqua·

231 1649 317 1713 dam.
344 1649 395 1714 lter
416 1649 546 1720 accident
566 1669 662 1718 autem
684 1653 860 1734 quandoque
872 1651 1018 1734 primam.
1062 1587 1155 1714 istst
1177 1650 1329 1735 dispositio.
1345 1655 1506 1736 recipientis
1525 1676 1534 1728 3
1558 1655 1617 1716 lna
1639 1651 1729 1716 ualem
1752 1671 1848 1717 autem

233 1735 417 1794 Communis.
1062 1733 1217 1808 Gratiam,
1240 1735 1288 1798 ubi
1311 1735 1458 1818 inaequalia
1477 1736 1514 1799 eli
1535 1671 1680 1816 dispostio
1710 1736 1845 1816 recipien-

175 1837 217 1894 ῃ
256 1811 294 1874 Ει
318 1811 392 1876 ratt'o
416 1810 516 1894 prima
537 1815 627 1897 partit
647 1813 684 1879 eil
714 1813 748 1876 de
780 1812 806 1880 se
838 1813 934 1888 clara,
956 1815 1026 1896 quia
1068 1813 1126 1878 tia'.
1150 1820 1331 1880 Conrmuor's.

234 1891 420 1956 Sacramenta
441 1893 587 1960 Vivorum
611 1898 645 1958 sto
668 1893 868 1990 appellantur,
889 1896 1024 1974 eoquod
1107 1893 1147 1957 Er
1170 1899 1244 1960 ratio
1266 1902 1364 1982 prima
1386 1898 1481 1981 partis·
1496 1899 1533 1961 esi
1554 1900 1587 1966 de
1608 1896 1756 1973 sectare,
1778 1899 1847 1979 quia
1873 1917 1921 1958 ao

234 1971 390 2036 mirtislrari
412 1973 532 2038 debeant
554 1973 645 2038 solum
668 1977 746 2040 uruit
768 1976 904 2041 membris
938 1977 1023 2040 ctni·
1066 1995 1101 2040 ex
1122 1977 1298 2043 Tridentino
1314 1979 1378 2058 jaff.
1403 2002 1431 2057 7.
1455 1985 1557 2044 Corte.
1580 1985 1608 2040 ό.
1630 1998 1678 2059 per
1698 1994 1770 2042 text.
1793 1979 1846 2043 cit.

235 2053 268 2116 sii
311 2073 340 2118 er
363 2057 420 2130 jam
445 2055 495 2118 libi
516 2055 715 2122 inetislentent
738 2059 873 2120 Gratiam
897 2057 1023 2139 primam
1060 2059 1145 2139 supra
1164 2083 1239 2122 rum.
1272 2061 1301 2122 8.
1334 2062 1515 2124 Sacramenta
1543 2058 1646 2123 secluso
1676 2061 1759 2122 obice
1777 2081 1851 2122 cou-

235 2075 479 2208 sandificentemr
501 2155 656 2220 argorum
680 2157 737 2201 nott
761 2137 867 2222 positar
897 2137 1025 2202 conserte
1066 2137 1161 2232 seruat
1185 2141 1348 2216 Gratiam,
1379 2161 1465 2220 quam
1488 2139 1644 2221 agniacum
1669 2161 1677 2201 t
1705 2141 1755 2233 'sed
1788 2142 1852 2202 cluo

232 2213 356 2298 qratiam
381 2217 528 2296 primam,
572 2239 613 2282 ua
634 2223 694 2295 jam
718 2218 801 2288 inesse
836 2218 1023 2303 supponitur,
1067 2217 1208 2300 Baprtsmi
1230 2241 1290 2284 ver,
1312 2242 1355 2303 gr.
1378 2242 1427 2302 per
1448 2221 1474 2287 se
1496 2222 1755 2286 eandem-omnmo
1785 2240 1847 2301 gra·

231 2313 267 2390 true
288 2312 401 2359 careant
426 2295 474 2360 suo
497 2237 624 2377 erleio,
659 2298 762 2364 debent
795 2298 919 2366 conserte
949 2300 1023 2364 Gra·
1066 2301 1139 2362 tiam
1162 2300 1338 2382 srgnificaar,
1361 2325 1428 2384 ergo
1449 2325 1499 2386 per
1520 2302 1695 2394 secandam,
1717 2301 1847 2394 &aqua-

232 2391 306 2438 ttam
331 2375 502 2452 secundam.;
526 2377 571 2442 seu
594 2399 781 2464 augmentum
806 2381 928 2464 prima.
1065 2379 1122 2443 lem
1146 2383 1281 2444 Gratiam
1305 2382 1475 2462 conserunt,
1497 2385 1546 2446 ubi
1567 2382 1683 2464 acqualts
1705 2383 1740 2443 ess
1755 2381 1847 2464 drspo·

179 2475 211 2539 ις
279 2457 368 2522 Ratio
390 2457 461 2522 itero
487 2457 609 2524 secundae
632 2461 779 2540 particen
811 2463 845 2526 de
881 2461 908 2526 se
928 2459 1021 2537 clara,
1065 2463 1129 2525 fitio
1152 2463 1335 2545 recipientis;
1357 2465 1537 2529 Tuncenim
1570 2465 1754 2526 Sacramenta.
1781 2483 1847 2544 ope

233 2537 303 2620 quia
324 2541 406 2611 iutra
427 2539 595 2605 Concilium
618 2543 825 2607 Tridentinum
832 2543 895 2622 Μ.
908 2561 937 2622 7.
950 2549 1022 2606 Can.
1065 2561 1163 2607 rantur
1184 2561 1215 2608 ut
1237 2543 1324 2612 causa
1345 2548 1515 2610 naturales.
1541 2547 1574 2608 ln
1597 2545 1771 2606 naturalibus
1800 2563 1847 2606 au·

233 2625 262 2678 6.
287 2619 325 2681 or
347 2641 375 2696 7.
399 2637 450 2700 per
470 2637 542 2684 text.
563 2622 719 2704 citelapra
748 2647 824 2686 ram.
860 2645 885 2702 3.
922 2624 1023 2687 omnia
1064 2639 1123 2686 tem
1146 2625 1182 2686 ab
1214 2625 1313 2690 eadem
1345 2627 1428 2690 causa
1461 2630 1543 2690 circa.
1565 2627 1672 2708 passum
1700 2625 1848 2708 aqualiter

228 2693 420 2766 Sacramenta
436 2721 519 2764 nova
540 2701 625 2783 Legis
647 2701 798 2768 conserunt
818 2701 953 2766 Gratiam
966 2725 1021 2767 non
1066 2703 1232 2788 disposrtum
1255 2705 1370 2790 semper.
1384 2708 1550 2790 producitur
1573 2708 1668 2782 idem,
1690 2705 1736 2770 sen
1800 2728 1845 2769 ua·

230 2777 405 2860 ponentibus
425 2779 539 2850 obicem
565 2805 574 2857 ι
606 2798 635 2845 at
660 2783 689 2845 ui
718 2781 786 2846 dum
819 2783 882 2865 quir
904 2781 930 2847 se
951 2785 1025 2850 boae
1067 2785 1103 2849 lis
1124 2785 1255 2852 effeilut:
1278 2789 1362 2853 Unde
1381 2809 1483 2852 omnes
1504 2787 1616 2870 paruuli
1640 2789 1669 2849 in
1698 2788 1846 2869 Baptimo

230 2849 286 2924 tire
308 2859 472 2927 existimans
495 2860 522 2924 in
547 2865 619 2926 lietu
673 2863 749 2928 rarle
771 2883 846 2930 cum⁴
862 2883 959 2930 tamen
982 2887 1022 2928 re·
1066 2887 1115 2948 per
1136 2865 1185 2943 se,
1209 2867 1236 2930 a
1260 2869 1294 2933 de
1316 2870 1390 2951 Lege
1409 2871 1554 2932 ordinaria
1575 2867 1682 2951 semper
1702 2869 1848 2951 accipirmt

231 2960 302 3002 uera
322 2941 426 3006 habeat
447 2942 595 3010 occultum
620 2943 743 3008 mortale
774 2963 923 3026 peccatum
946 2991 955 3020 ,
977 2967 1022 3010 cu·
1065 2947 1201 3029 aqualem
1224 2949 1379 3023 Gratiam,
1401 2971 1466 3014 curn
1489 2970 1588 3013 eorum
1609 2951 1740 3012 omnium
1753 2970 1846 3029 aqua·

232 3021 276 3092 itu
297 3040 354 3083 nort
379 3024 561 3098 recordatur,
585 3021 630 3088 seu
651 3047 685 3088 et
709 3025 824 3090 utalirie
852 3025 1024 3090 Consellorit
1066 3027 1117 3102 lie,
1142 3031 1188 3092 vel
1210 3031 1312 3111 potius
1329 3029 1408 3094 nulla
1429 3031 1632 3114 fitdispofirio,
1653 3047 1846 3096 cumcaceaat

232 3120 289 3163 non
312 3101 346 3164 fit
366 3103 513 3168 absolutus
530 3125 552 3168 a
570 3121 687 3188 peccato
719 3103 865 3182 mortali,
896 3123 934 3170 ut.
959 3105 1018 3190 ipse
1059 3107 1108 3170 usu
1130 3109 1268 3174 rationis.

231 3181 314 3248 bona.
328 3181 389 3252 side,
404 3183 514 3259 credit,
536 3183 568 3246 St
587 3205 653 3246 cum
677 3184 736 3248 sola
761 3185 924 3250 attritione
947 3189 1015 3252 reti·
1103 3189 1217 3253 Dicitur
1235 3207 1332 3256 autem
1355 3209 1491 3259 notanter
1511 3197 1565 3254 Per
1580 3197 1639 3275 se,
1661 3195 1699 3258 θ
1719 3193 1757 3254 de
1774 3197 1845 3276 Lege
1870 3209 1916 3253 212

229 3265 277 3343 pit
306 3261 426 3346 aliquod
456 3263 672 3330 Sacremutturtr
708 3265 852 3332 Virorum
875 3309 883 3342 ,
907 3267 1017 3332 nullum
1060 3273 1219 3346 ordinaria,
1241 3273 1312 3352 quia
1332 3291 1362 3337 ιιι
1385 3277 1480 3356 inquit
1501 3276 1603 3340 Scotue
1622 3277 1652 3337 ia
1672 3277 1799 3356 aquil.
1812 3295 1844 3346 7.

231 3363 266 3404 ee
297 3341 431 3424 seponit
460 3345 595 3410 obitemt
625 3365 694 3440 erpo
725 3363 793 3410 tunc
824 3345 932 3432 ipseui
955 3350 1020 3414 telis
1060 3351 1747 3438 rap.PoffitDeare...corferremajereerr'llr',
1767 3377 1847 3434 quere

231 3421 411 3486 sacramenti
440 3423 542 3506 recipit
577 3425 713 3490 Grattam
734 3447 823 3503 ,nott
848 3427 1017 3506 secundam,
1055 3433 1261 3515 predestinavit
1280 3437 1318 3497 ad
1338 3438 1470 3518 naajorera
1491 3439 1632 3512 Gloriam,
1649 3437 1702 3516 sed
1718 3437 1767 3498 isle
1783 3434 1845 3498 aba

226 3521 296 3564 auen
320 3501 399 3564 nulla
420 3505 498 3586 prior
520 3503 666 3583 insuerit,
698 3525 749 3572 nec
782 3508 909 3574 Attritio
939 3511 974 3576 de
996 3511 1020 3573 se
1060 3517 1114 3576 rior
1130 3517 1233 3598 gradus
1253 3539 1304 3578 rar
1326 3524 1487 3595 mnfemetur
1504 3525 1609 3582 antaee
1623 3521 1780 3601 BaprrJrrti,
1797 3517 1849 3595 led

95 3625 100 3635 ,
227 3579 357 3676 oaastrat
386 3583 551 3662 Gratiam,
581 3605 649 3668 erpo
680 3585 781 3671 recipit
834 3589 936 3654 rimam
969 3613 1019 3675 per
1059 3597 1101 3657 de·
1111 3597 1229 3677 speciali
1248 3596 1436 3663 benevolentia
1457 3603 1587 3663 Dr'or‘ra.
1608 3599 1650 3663 Et
1672 3617 1705 3663 ut
1725 3597 1797 3661 dicit
1817 3599 1847 3660 S.

226 3665 358 3730 accadens
378 3665 523 3728 causarum
546 3687 564 3728 a
585 3665 771 3733 Sacrentento
826 3673 941 3736 luorum
977 3695 1015 3739 te·
1059 3673 1193 3740 Thomas
1214 3683 1366 3758 q.64.art.
1393 3683 1475 3743 read
1498 3703 1525 3743 a.
1545 3681 1666 3762 Aliquid
1685 3703 1775 3742 caraea
1795 3705 1845 3741 aa·

229 3743 404 3825 ceptoeSic
425 3745 614 3828 probabiliter
633 3747 745 3828 aliqui.
1057 3779 1157 3820 aream
1190 3762 1339 3840 impetrari.
1357 3761 1439 3841 praefi
1468 3767 1608 3844 recipienti
1638 3767 1849 3824 sacrmen-

169 3835 208 3888 ιιι
272 3825 413 3898 Quanam
446 3847 543 3892 aurem
577 3827 629 3893 sunt
660 3831 843 3895 Sacramenta
876 3831 1015 3897 Mortua·
1055 3857 1105 3919 prr
1125 3839 1295 3902 devotiorem
1318 3843 1460 3919 Miarstrr'.
1481 3845 1540 3906 Cui
1560 3841 1844 3907 consormieeslSco

227 3925 312 3978 rum,
335 3903 366 3966 a
388 3907 553 3984 Vivorum,
575 3909 605 3970 Sc
625 3929 675 3974 tut
697 3909 918 3987 iradicatttutr
940 3915 1016 3978 Vide
1057 3921 1173 3983 tualoc.
1194 3925 1244 3983 αἰ.
1266 3948 1295 3983 a.
1320 3947 1345 4003 ς.
1368 3922 1427 3985 ihi:
1472 3927 1588 4008 Propter
1608 3949 1751 4006 qma,
1776 3923 1846 3984 idest

223 4005 279 4055 ert.
301 3989 470 4050 retuderam
483 3989 550 4054 aa.
1060 3999 1234 4076 l‘aretrtum,
1256 4021 1306 4066 aut
1328 4004 1550 4080 minimorum,
1572 4013 1672 4070 nerr‘ta
1693 4009 1773 4067 ttear.
1793 4007 1849 4064 uui

171 4091 205 4148 ty
268 4065 410 4150 tham
431 4085 529 4133 autem
553 4067 585 4164 stt
607 4071 725 4152 prima,
748 4071 781 4136 ἃ
800 4071 919 4138 secunda
938 4075 1012 4140 Gra·
1050 4082 1172 4161 paruulo
1192 4082 1274 4161 patefl
1294 4087 1414 4162 conferre
1430 4089 1561 4167 majorem
1582 4093 1738 4162 Gratim,
1758 4108 1846 4166 qm

225 4151 299 4226 tia,
327 4149 368 4222 or
389 4169 439 4214 cur
469 4153 512 4214 ita
531 4149 670 4216 dtcttur?
702 4153 777 4220 vira
806 4157 885 4220 verb.
908 4159 1013 4220 Grarr'a
1051 4163 1152 4222 alteri.
1178 4163 1223 4226 Ex
1243 4163 1347 4244 quibos
1368 4185 1470 4248 patet,
1490 4167 1570 4249 quod
1590 4167 1657 4232 licet
1676 4169 1844 4230 Sacramen-
1871 4184 1915 4224 aa

227 4257 254 4293 rr.
281 4249 307 4308 3·
638 4313 644 4326 Ι
1055 4259 1087 4304 ta
1106 4241 1229 4316 eiusdem
1264 4243 1377 4326 speciei.
1397 4246 1457 4308 solo
1486 4269 1609 4312 numero
1638 4247 1770 4310 disiinRa
1791 4267 1847 4330 per

171 4313 207 4380 ιδ
267 4308 487 4402 Sacramentas
535 4311 562 4378 ie
582 4310 747 4392 dilltnsla,
777 4333 809 4380 ut
832 4313 1011 4400 Baptismus,
1056 4323 1106 4400 se,
1127 4321 1159 4386 tc
1180 4325 1215 4387 de
1236 4325 1312 4407 Lege
1331 4327 1476 4389 ordinaria
1496 4326 1605 4411 semper
1622 4330 1848 4408 aqualemooa-

224 4389 448 4469 Cortamtatio,
510 4393 659 4458 tuaatillia
691 4399 747 4484 Suc.
780 4419 837 4459 noa
859 4397 1011 4465 conserunt
1051 4401 1144 4468 serant
1164 4403 1321 4478 Gratiam,
1344 4407 1394 4469 ubi
1413 4407 1531 4487 aqualis
1549 4412 1589 4473 est
1618 4411 1772 4492 disposui»
1800 4433 1851 4474 re-

223 4470 483 4568 outniaaqua'eta
514 4473 680 4550 Gratiam,
713 4479 757 4538 led
785 4477 948 4561 digniora.
980 4481 1011 4546 da
1052 4485 1219 4564 cipientis,
1251 4507 1282 4548 ut
1305 4507 1457 4584 propterea
1476 4492 1513 4550 ad
1542 4511 1763 4572 augmentum,
1794 4491 1841 4556 rel

224 4551 393 4636 prrsetltora
411 4555 595 4624 Sacramenta
615 4563 756 4634 molarem
777 4603 787 4638 ,
809 4579 841 4622 a:
864 4563 1012 4644 pareac
1056 4565 1264 4634 detrimentum
1282 4569 1394 4636 Graue
1411 4571 1631 4638 Sacramenral'u
1647 4591 1701 4655 per
1722 4573 1751 4635 se
1769 4570 1845 4636 mltil

1732 4673 1802 4718 oon·
