3996 5266
262 51 351 211 ,ot
562 93 866 198 conruunt,
893 95 1001 180 sun
1031 86 1368 176 SOCIETATts
1397 91 1470 173 nc,
1570 131 1607 150 --

203 215 291 286 litet,
313 206 605 272 &irrationabiliter
626 206 757 270 facientis
777 205 862 267 essent
884 205 993 269 loluen-
1037 204 1064 264 ti
1085 200 1244 281 imputari,
1267 195 1311 261 led
1321 201 1373 282 ipfi
1383 201 1453 263 soli.
1475 203 1658 280 emman,
1678 219 1828 277 terem.

203 295 268 356 do.
288 289 367 352 Com
390 289 493 366 julium
515 311 574 352 non
595 288 647 362 stt,
670 305 701 350 ut
721 285 799 365 quod
819 306 871 365 pro
892 285 993 350 scinu·
1036 281 1416 364 nescientemque·
1438 285 1538 358 oo.§.
1565 307 1594 347 r.
1609 285 1648 360 Εἰ
1669 289 1826 370 Prosoein,

203 368 300 436 tiliter
319 369 519 446 consumitur,
542 371 570 430 in
592 369 717 429 aliorum
739 365 994 445 perniciemrrans-
1038 367 1077 428 (t
1098 364 1255 424 concodat
1274 365 1326 424 cir.
1346 363 1370 423 l.
1388 369 1464 424 Corn
1483 364 1650 427 duobusne.
1658 369 1691 444 §.
1709 371 1756 433 18,
1766 373 1830 437 ibi:
1990 323 1993 440 l

207 449 343 514 snudatur
354 475 368 526 ,·
393 455 513 514 Peccata
532 449 611 513 enim
634 447 699 508 snos
715 445 994 510 debentreneteAu·
1034 449 1068 508 si
1086 442 1120 505 ob
1140 439 1307 517 mtficrom
1320 444 1405 522 sum
1423 489 1434 520 ,
1454 449 1545 526 ipsam
1564 467 1676 510 emm
1695 451 1831 517 damna„

204 532 323 602 floren
342 531 364 594 l.
385 535 531 593 sancimus
554 550 603 589 22.
632 527 703 589 Cod.
724 529 760 588 ele
780 529 876 590 Panis
897 572 908 602 ,
937 547 1001 610 cop.
1034 529 1140 605 sentire
1160 524 1280 584 dehic.

203 612 347 698 Quessvt't
370 632 397 672 ι.
420 615 465 673 De
484 609 552 684 his,
573 634 632 689 que
649 607 724 684 fiunt
744 633 763 669 ct
791 611 893 688 mojori
919 627 1000 689 porte
1078 606 1206 668 Societas
1221 604 1344 696 finitur,
1365 604 1412 670 sen
1432 606 1597 672 dissolvitur
1613 629 1822 697 qmtmrpn.
1849 634 1899 692 ²4

204 695 353 778 Capituli.
376 695 440 754 Nec
461 691 545 756 deber
567 689 650 752 alteri
665 710 721 831 ριι
741 691 865 752 alterum
896 688 996 772 iniqua
1035 687 1130 767 cipuis
1149 685 1261 758 modis,
1282 684 1390 751 scilicet
1408 709 1445 750 et
1468 687 1615 765 personis,
1639 715 1675 753 ex
1706 697 1797 760 Rebus
1812 741 1828 771 ,

206 775 340 840 conditio
361 771 460 838 inserti
480 818 493 846 ,
511 774 533 833 l.
548 777 610 834 Non
630 769 665 829 de
684 791 711 831 ec
732 793 761 846 7.
780 769 818 846 ff.
840 772 880 830 de
894 773 996 855 Regol.
1035 791 1071 834 ex
1095 766 1275 840 volontate,
1295 767 1328 828 δι
1347 791 1382 830 ιι
1408 767 1559 844 Aedone,
1592 789 1678 836 textu
1696 779 1824 857 expresso

197 861 266 938 so.
281 878 315 918 cc
333 897 342 915 .
361 859 425 918 Noe
444 851 525 914 delet
537 873 586 914 22.
596 852 631 913 de
641 853 738 935 Regol.
747 857 826 930 Jurit
836 857 865 916 in
874 855 903 914 ό.
1038 851 1066 910 in
1089 849 1111 909 l.
1132 853 1230 908 Verum
1250 846 1286 918 ‘l
1306 851 1357 925 63.
1376 851 1408 922 §-
1434 871 1483 911 ιο.
1500 852 1537 926 ff.
1560 855 1616 914 Pro
1634 858 1713 916 socio
1731 901 1740 930 ,
1761 859 1822 920 ibi:

146 961 182 1005 at
247 936 277 998 Si
363 934 407 997 int
438 933 544 1014 aliquit
573 932 675 1012 absque
705 932 752 994 sua
780 932 883 1012 culpa,
905 934 997 996 etiam
1036 935 1153 994 Societas
1167 931 1288 1007 solvitur
1309 953 1343 991 ee
1364 931 1515 1006 Perloeir,
1534 955 1570 994 ee
1588 934 1697 1008 enos,
1726 959 1828 999 ceve-

205 1015 285 1089 leoi,
307 1037 345 1080 er
364 1013 467 1090 musa,
487 1014 534 1079 seu
556 1013 668 1076 ratione
688 1014 842 1076 Societatis
859 1014 998 1074 damnum
1039 1015 1162 1082 lentate,
1183 1030 1218 1070 ee
1236 1009 1361 1082 oflione3
1385 1013 1499 1092 Ideoque
1517 1015 1577 1087 five
1596 1016 1721 1078 homines
1738 1061 1750 1088 ‚
1769 1017 1828 1090 lin·

204 1095 359 1169 incurrit,
390 1096 461 1177 qnia
481 1119 512 1160 v.
532 1117 562 1176 g.
584 1093 621 1155 ad
650 1113 758 1157 merces
791 1095 1000 1173 comparandis
1038 1114 1096 1164 ces,
1117 1091 1176 1164 fine
1196 1093 1343 1164 volutem
1364 1093 1424 1164 five
1442 1093 1517 1154 otilo
1536 1100 1693 1169 interierit,
1713 1097 1828 1173 discoli

203 1175 347 1261 ptosoflut
369 1176 400 1236 in
422 1177 547 1239 latronet
568 1174 693 1248 incidit,
714 1173 767 1254 qni
777 1194 843 1236 eum
853 1173 994 1250 vestibus,
1036 1172 1152 1233 videtete
1171 1174 1311 1236 Societas.
1334 1171 1375 1234 Et
1395 1175 1572 1237 concordant
1581 1178 1602 1238 l.
1618 1183 1784 1239 Societatem
1796 1201 1825 1256 4.

202 1259 235 1322 dt
256 1257 378 1339 ριειιιιίιι
397 1258 488 1324 etiarn
508 1255 627 1338 propria
647 1251 859 1334 spoliaverunt,
883 1253 927 1316 ocl
950 1254 995 1328 le,
1039 1255 1077 1316 (t
1099 1254 1121 1312 l.
1144 1252 1259 1314 Aedone
1280 1259 1329 1333 65.
1348 1253 1387 1328 ff.
1404 1255 1516 1330 edere,
1537 1258 1579 1319 <9-
1593 1259 1823 1338 sisimilesocie·

202 1355 254 1402 aot
275 1336 392 1401 servom
411 1341 471 1410 ejus
491 1335 713 1400 vulneraverant
736 1377 745 1409 ,
768 1335 799 1396 dr
820 1334 940 1415 proinde
959 1338 995 1398 ad
1036 1351 1097 1394 tote
1116 1334 1186 1408 §.4
1199 1357 1225 1410 5.
1238 1337 1266 1394 6.
1278 1357 1308 1410 7.
1319 1335 1350 1394 8.

203 1417 255 1494 se,
276 1418 323 1482 rel
345 1417 458 1482 servum
479 1419 638 1480 curandum
664 1415 770 1478 rnulrar
788 1413 858 1477 secit
887 1437 993 1498 erpen·
1080 1417 1121 1474 Ει
1138 1416 1258 1493 personis
1277 1415 1440 1478 dissolvitor
1457 1417 1588 1481 Societas
1617 1441 1670 1502 per
1696 1435 1827 1484 morteur
1850 1439 1889 1498 25

204 1497 269 1571 sas,
291 1498 364 1562 talen
385 1497 510 1580 expense
530 1495 671 1562 soluendo.
692 1496 800 1558 suntet
811 1497 993 1578 pecunioso·
1035 1494 1197 1556 naturalem
1218 1495 1303 1557 unios
1321 1497 1416 1568 Socii,
1438 1500 1578 1576 quamuis
1595 1501 1727 1564 Societas
1755 1523 1825 1564 curu

203 1579 338 1643 rietatis.
359 1584 553 1654 commonit,
583 1593 665 1640 textu
694 1576 820 1656 expresso
850 1581 880 1638 in
900 1581 947 1638 cit.
970 1579 991 1638 l.
1034 1575 1165 1655 pluribus
1184 1576 1332 1637 contraiit
1352 1575 1458 1648 suerit,
1480 1579 1511 1638 dt
1539 1579 1639 1659 pluteo
1664 1581 1826 1664 supersint,

202 1667 281 1724 cum.
298 1659 400 1722 duobus
424 1682 471 1740 52.
493 1663 524 1738 §.
546 1683 580 1740 9.
593 1659 632 1734 ff.
655 1661 714 1720 Pro
725 1662 819 1732 Surio,
839 1659 993 1724 cnmfimi-
1007 1659 1082 1716 eit
1106 1655 1127 1715 l.
1150 1661 1311 1718 societatem
1330 1677 1360 1732 4.
1380 1658 1401 1716 l.
1421 1663 1520 1719 Verum
1537 1664 1584 1738 63.
1607 1665 1638 1738 §.
1666 1685 1711 1725 ro.
1738 1664 1780 1725 (5
1801 1665 1824 1724 l.

203 1741 298 1806 libus.
1034 1735 1157 1800 Aeliano
1169 1739 1217 1814 65.
1240 1739 1270 1810 §.
1291 1762 1319 1814 9.
1336 1738 1373 1812 ff
1395 1740 1452 1801 Pto
1468 1745 1555 1816 loia,
1579 1741 1622 1803 (9
1639 1745 1671 1819 §.
1689 1746 1822 1806 salvine

149 1839 187 1885 aa
250 1819 367 1883 Dicitur
387 1838 491 1883 antem
508 1834 684 1885 notanter:
715 1819 824 1901 absque·
840 1825 896 1898 [ιιι
915 1820 999 1881 colna.
1039 1839 1065 1895 ς.
1087 1816 1209 1892 lnliitot.
1231 1819 1434 1880 delacione.
1455 1821 1615 1883 Nifienim
1640 1825 1667 1884 in
1686 1824 1821 1886 coeundo

205 1905 294 1965 etiam
314 1901 393 1976 levi,
415 1903 487 1981 quia
505 1899 582 1964 secut
601 1901 666 1963 esset
686 1901 870 1974 dicendum,
902 1901 923 1962 li
952 1900 993 1961 di·
1034 1899 1182 1962 societate
1200 1897 1285 1961 aliter
1306 1901 1491 1962 convenerint
1510 1900 1606 1976 socii,
1639 1905 1715 1968 lueret
1744 1904 1818 1966 socii

207 1983 268 2044 flns
288 1979 379 2044 socius
399 2005 433 2046 ex
454 1980 507 2045 sua
522 1981 609 2062 culpa
630 1983 661 2042 in
682 1982 745 2044 tale.
759 1982 902 2044 damnum
920 1981 991 2044 inci·
1032 1977 1156 2042 defuncti
1177 1999 1237 2040 uon
1261 1976 1402 2054 succedit,
1422 1999 1491 2042 cunt
1509 1980 1654 2044 censeatur
1674 1985 1816 2046 elesiain·

207 2063 304 2134 disset,
328 2086 357 2126 v.
379 2085 406 2142 g.
430 2061 572 2157 pergendo
592 2079 701 2153 contra,
714 2063 875 2157 expresso-ru
889 2059 990 2124 conso-
1031 2060 1137 2122 duslria
1157 2057 1300 2141 persone,
1322 2078 1407 2123 textu
1426 2062 1551 2140 expresso
1571 2065 1601 2121 in
1621 2067 1669 2123 eir.
1688 2067 1709 2122 l.
1724 2065 1819 2125 Anto·

206 2143 752 2304 tells.emittentem}
778 2141 998 2298 Ξιῖἱῗιῖἷῖἓῗζ
1035 2141 1830 2307 ’institerintft‘:.2⁸15;:‡·i{t¹t:tt;t

208 2304 238 2365 in
260 2303 367 2382 quibus
385 2303 439 2368 suit
462 2304 649 2377 vulneratus,
671 2303 902 2374 drliujttstnodi.¹
915 2309 997 2367 Com·
1041 2323 1100 2364 non
1124 2300 1247 2365 succedit
1270 2305 1300 2364 in
1322 2305 1418 2365 locum
1439 2307 1522 2376 eius,
1545 2301 1600 2362 nist
1622 2301 1830 2366 novoconsen·

206 2387 317 2456 monis,
339 2407 447 2465 orgum.
472 2390 521 2446 cit.
543 2385 565 2444 l.
586 2391 663 2446 com
679 2384 781 2445 orobos
804 2407 851 2463 52.
872 2387 901 2462 §.
924 2391 999 2462 4.·in
1039 2381 1071 2444 su
1092 2383 1208 2445 ineatur
1228 2381 1347 2446 societas
1369 2407 1378 2455 ;
1407 2384 1432 2446 l.
1452 2391 1545 2446 Nemo
1556 2383 1644 2463 poen
1666 2403 1713 2462 35.
1736 2383 1775 2444 (t
1807 2383 1832 2443 l.

204 2463 280 2542 fine,
303 2465 343 2527 ibi
351 2488 364 2525 .·
388 2471 465 2528 Nom
481 2465 565 2539 sicuti
584 2467 712 2537 lucrum,
735 2469 778 2527 ito
796 2467 1003 2546 domumque·
1047 2467 1135 2526 Plone
1156 2485 1206 2540 37.
1226 2463 1262 2538 ff.
1283 2468 1338 2526 Pio
1357 2470 1431 2526 Socio
1445 2511 1459 2528 .

209 2569 261 2628 qtce
281 2568 421 2608 commone
441 2549 492 2624 effe
513 2562 634 2625 oportet,
655 2545 728 2626 qood
746 2573 797 2609 non
827 2549 909 2628 culpo
933 2550 1005 2625 socii
1084 2545 1126 2607 Et
1148 2543 1221 2606 istud
1240 2547 1401 2608 extenditur
1420 2545 1508 2610 etiarn
1530 2544 1566 2606 ad
1589 2561 1714 2606 mortem
1744 2541 1826 2606 Civi·
1855 2542 1897 2601 26

209 2627 369 2706 contingit,
386 2629 434 2689 nbi
457 2645 540 2690 norat
562 2624 570 2686 l
596 2626 686 2707 quod
704 2651 756 2688 non
770 2631 1005 2707 colpasociicon·
1045 2626 1103 2688 iern
1125 2625 1246 2699 alicujus
1266 2649 1301 2690 ex
1322 2627 1438 2700 Sociis,
1463 2624 1556 2706 qualis
1577 2625 1706 2686 censetur
1736 2624 1831 2684 incur·

208 2711 321 2787 cingit,
345 2729 379 2770 et
400 2709 504 2788 quibus
524 2650 622 2768 retiis
642 2706 1003 2786 siarclarnrn,.qnodnon
1046 2709 1075 2772 r't
1092 2725 1147 2788 per
1165 2705 1314 2781 exilium,
1345 2708 1375 2768 dr
1396 2705 1603 2769 Prolelltonent
1631 2703 1833 2785 Religiosam

211 2789 315 2852 debeat
334 2787 388 2850 elle
408 2809 563 2850 commune
585 2787 746 2862 domnum,
768 2789 846 2868 qnod
856 2790 941 2867 culpa
951 2787 1001 2848 So.
1041 2810 1149 2869 ugone.
1170 2787 1380 2868 cinjoriboc,
1402 2789 1441 2850 (9*
1461 2789 1497 2863 §.
1521 2789 1616 2849 Minoe
1648 2807 1677 2846 a.
1709 2787 1831 2862 ofilio.

210 2871 249 2931 tii
270 2870 437 2949 contingit,
461 2866 585 2932 uribid.
606 2871 641 2943 ς.
663 2869 709 2929 18.
733 2869 795 2930 ibi:
817 2865 1001 2943 siobmalefiss
1043 2868 1078 2926 de
1098 2872 1198 2947 capitis
1217 2869 1421 2938 deminuam
1442 2863 1830 2931 Cum-enimcenseatnrele·

213 2951 290 3011 eiom
304 2949 410 3027 soom,
430 2951 520 3027 r'plom
541 2967 657 3010 tantum
672 2949 1004 3025 damnumsentiredebe·
1045 2947 1094 3010 fla
1113 2949 1143 3008 in
1162 2949 1308 3012 Socierare
1329 2947 1464 3010 industria
1486 2947 1612 3025 persone
1631 2991 1642 3021 ,
1662 2948 1693 3010 δι
1715 2947 1828 3028 ignore·

216 3051 267 3091 re.
290 3029 388 3091 Sociut
408 3032 486 3090 enirn
509 3047 640 3103 tenetur,
662 3051 695 3092 ac
715 3031 784 3094 dnm
806 3028 951 3102 dedolo,
973 3031 1008 3092 du
1044 3045 1093 3089 tut
1112 3027 1325 3108 quatientium
1343 3031 1377 3091 fit
1406 3028 1538 3090 indnssria
1568 3028 1679 3090 heredis
1709 3027 1832 3101 Exulis,

215 3109 298 3191 culpa
319 3109 396 3182 lata,
420 3107 574 3172 sedetiam
605 3110 641 3172 de
669 3109 756 3192 culpa
785 3111 843 3174 levi
869 3130 918 3192 per
929 3117 1006 3189 June
1046 3108 1091 3170 sen
1114 3107 1252 3182 professi,
1269 3131 1327 3174 non
1350 3109 1439 3189 potes}
1461 3109 1523 3191 ipse
1545 3108 1675 3194 heresin
1697 3111 1757 3181 ιὶιι
1786 3108 1830 3169 Ιο-

217 3190 340 3253 ‹rddollo
356 3191 442 3270 [apra
460 3214 537 3252 nom.
561 3211 608 3269 ις.
629 3193 710 3252 Tum
732 3192 802 3270 qnia
824 3193 930 3264 iulium
945 3213 1005 3254 non
1044 3211 1111 3250 cum
1134 3188 1300 3263 succedere,
1323 3191 1373 3251 nin
1394 3211 1473 3255 nouo
1493 3187 1627 3252 consensu
1650 3191 1760 3251 ineatur
1780 3188 1833 3249 So

215 3272 274 3346 eli,
297 3289 330 3334 nr
351 3271 478 3333 Societas
498 3270 636 3334 donnum
658 3273 785 3352 patiatur
802 3293 835 3334 er
856 3272 1003 3354 cnlpaali·
1045 3272 1153 3343 cierat,
1174 3275 1222 3333 cir.
1245 3273 1267 3332 l.
1285 3275 1374 3334 Νιιιιο
1389 3271 1472 3352 poet
1495 3291 1543 3351 35.
1566 3272 1606 3334 (9¹
1625 3269 1648 3334 l.
1670 3269 1759 3332 Plane
1782 3289 1841 3350 37..

217 3353 298 3425 cttjut
316 3349 418 3413 Socii.
441 3353 568 3414 Peccata.
582 3352 668 3413 enim.
694 3351 758 3417 suot
785 3352 892 3416 debent
909 3373 1006 3417 tenere
1039 3351 1078 3430 ᾖ
1100 3355 1155 3412 Pro
1173 3356 1268 3414 lucio.

217 3430 378 3500 Annorm
400 3431 838 3512 llancimusaz.c.deprenis,
861 3441 1006 3518 “onae
1088 3432 1165 3496 Ireru
1186 3431 1352 3496 dissolvirue
1368 3429 1493 3495 societao
1508 3430 1740 3513 permaximam
1763 3475 1773 3505 ,
1803 3429 1834 3492 dr
1858 3446 1901 3506 27

211 3510 302 3594 slent,
327 3533 355 3575 2.
367 3513 412 3571 De
420 3509 465 3572 bis
478 3537 536 3594 quoe
541 3510 616 3590 fiunt
635 3536 660 3572 a.
675 3516 775 3594 mojori
790 3533 870 3594 porte.
888 3523 1003 3596 capito-
1047 3513 1173 3576 mediam
1194 3513 1299 3596 capitis
1318 3513 1546 3576 deminutionem
1559 3534 1575 3583 ;.
1591 3533 1649 3573 nnn
1672 3531 1722 3593 per
1744 3511 1831 3572 mini·

213 3600 256 3669 ti;
280 3593 322 3658 Er
344 3613 428 3668 rern,
451 3613 514 3675 que
533 3594 618 3675 cnlpa
638 3613 738 3668 caret,
758 3595 787 3654 in
802 3595 942 3660 donnum
953 3617 1004 3661 vo·
1046 3615 1150 3665 utamc
1170 3610 1254 3658 textu
1273 3595 1400 3675 expresso
1420 3597 1451 3655 in
1470 3599 1519 3656 cit.
1541 3595 1601 3673 lege
1620 3601 1718 3654 Verum
1741 3593 1837 3668 ⁶3.§.

215 3675 275 3742 cari
298 3695 356 3737 non
377 3675 539 3752 convenit,
562 3693 595 3740 nt
615 3674 739 3755 expresse
759 3675 1004 3751 ssatuitorincap.
1050 3697 1098 3736 ιο.
1114 3676 1151 3750 θ.
1174 3676 1230 3736 Pro
1251 3679 1354 3748 socio,
1371 3674 1432 3737 ibi:
1454 3678 1702 3736 strenationem
1711 3671 1836 3734 homines.

215 3757 413 3840 cognoscenter
434 3777 462 3816 2.
484 3757 520 3818 o'e
542 3753 785 3833 Constitutionibor
807 3799 816 3819 .
837 3757 902 3820 Nec
922 3757 1005 3820 debet
1045 3755 1166 3838 quidem
1179 3758 1324 3832 maimo,
1344 3774 1396 3816 cet
1412 3754 1505 3817 medio
1523 3755 1833 3838 continentiorem,

215 3838 323 3920 aliquit
342 3835 460 3900 alteriue
479 3837 551 3900 odio
569 3856 624 3917 pre
648 3835 740 3897 cavari
758 3879 775 3910 ,
791 3853 874 3899 rertu
894 3835 1005 3918 etpres—
1045 3855 1096 3900 aot
1116 3855 1201 3898 morte
1213 3879 1228 3898 ..

218 3917 248 3979 ln
268 3924 298 3982 io
318 3939 343 3982 c·
367 3921 429 3981 Non
450 3915 530 3977 debet
552 3939 599 3980 22.
632 3941 647 3976 e
669 3918 767 3996 Regni.
781 3921 847 3996 pur.
868 3921 902 3980 in
930 3921 965 3979 6..
981 3917 1005 3981 l.
1086 3918 1166 3994 Quid
1185 3935 1307 3992 aurem,
1330 3917 1365 3978 tr
1381 3914 1540 3997 quotuplex
1563 3917 1600 3978 stt
1616 3915 1726 3998 capitit
1740 3916 1829 3980 derni-
1857 3907 1900 3968 28

221 4004 281 4064 Non
301 3995 381 4062 debet
401 4015 451 4074 74·
458 3998 494 4072 ff
509 3997 544 4057 de
555 3999 652 4080 Regnl.
656 4002 728 4076 Jur..
1028 4001 1149 4072 mutio,
1171 3998 1291 4062 habetur
1321 4001 1352 4058 t'rt
1381 3995 1501 4072 stillim.
1529 3996 1565 4057 de
1591 4002 1690 4078 capitit
1710 3998 1833 4058 deminor-

161 4097 198 4157 23
262 4078 377 4141 Dicitur
398 4076 488 4142 ctiam
510 4095 646 4142 notanter
670 4082 713 4144 Ee
732 4083 813 4159 conso
827 4124 836 4154 ,
852 4080 900 4157 [eo
920 4081 1003 4142 ratio·
1046 4084 1116 4142 done
1135 4083 1165 4140 in
1181 4083 1300 4160 princip.
1323 4077 1386 4139 ibi:
1410 4075 1459 4154 Eli
1475 4079 1832 4162 ameneopitisdemioo»

216 4184 255 4224 ne
269 4161 430 4234 totitatis,
452 4159 522 4240 quia
543 4158 647 4220 damna
669 4159 803 4240 propria,
825 4180 888 4241 quae
906 4157 1006 4222 Socius
1045 4163 1085 4221 rin
1100 4165 1197 4241 prioris
1212 4159 1299 4236 flotus
1317 4161 1460 4230 mutarim
1480 4162 1575 4240 lc'aqoe
1594 4159 1832 4222 tribotmodisee·

216 4240 337 4304 aliunde
353 4239 493 4313 incurrit,
516 4261 546 4306 ν.
569 4261 597 4320 g·
617 4241 690 4322 quia
709 4243 763 4304 iter
783 4241 825 4302 ad.
851 4240 1000 4320 proprium
1043 4241 1132 4302 cidit:
1155 4244 1232 4302 Nem
1251 4258 1300 4300 out
1319 4244 1446 4300 maxima
1465 4239 1503 4316 est
1533 4243 1637 4322 capitit
1661 4243 1838 4314 deminutio,

218 4324 408 4388 commodum
429 4319 571 4402 arripuit,
593 4324 626 4383 &¹
644 4320 710 4386 inde
730 4343 748 4384 a
768 4321 942 4388 latronibus
955 4340 1001 4402 pe·
1043 4343 1092 4384 cot
1111 4324 1199 4382 minor
1225 4324 1238 4399 (
1270 4344 1353 4400 quom
1382 4319 1500 4400 ψιᾉαιιι
1522 4322 1654 4384 ‘mediam
1674 4341 1779 4386 ocem
1797 4324 1831 4398 ),

219 4403 322 4478 cunia,
345 4403 375 4466 δι
398 4401 483 4464 rebus
499 4399 554 4463 suit
576 4399 712 4482 spoliator
732 4445 748 4474 „
773 4401 820 4465 sen
841 4401 1005 4464 vulneratus
1044 4423 1098 4464 occe
1113 4405 1248 4464 minimo.
1274 4402 1314 4465 Et
1333 4403 1363 4478 §.
1391 4421 1416 4462 ι.
1437 4404 1565 4482 expresse
1579 4404 1716 4466 diciturne
1736 4405 1831 4466 ntan-

221 4482 299 4559 snit,
323 4481 368 4546 vel
388 4483 429 4545 ob
450 4481 583 4562 privatae
598 4481 792 4555 itirni'citias,
809 4481 1005 4548 senritussuit
1046 4509 1093 4546 ma
1111 4487 1211 4564 capitis
1230 4484 1384 4549 deminutio
1403 4481 1455 4559 eli,
1476 4507 1541 4545 cum.
1559 4487 1661 4564 aliquis
1677 4485 1763 4560 simol
1793 4484 1839 4546 sn·

224 4564 411 4642 vulneratus,
433 4564 463 4628 δι
484 4561 666 4641 hujusmodi,
689 4583 746 4628 nou
767 4561 1006 4629 tenentoci'na·
1047 4568 1205 4629 Civitatem
1214 4607 1230 4644 „
1247 4565 1285 4629 (p
1307 4561 1466 4628 libertatern
1475 4570 1607 4644 omittit,
1628 4565 1833 4650 pondoccidit,

1763 4671 1794 4709 nc
