3898 5268
314 115 392 200 172
579 87 644 172 n
675 89 713 171 u
744 80 844 173 'sn
873 91 966 172 usn
995 87 1037 174 u
1069 91 1111 173 T
1143 90 1255 194 10,
1302 67 1423 170 nrm
1458 84 1554 167 v.·

249 199 312 266 hac
335 221 391 264 nou
414 195 550 263 facientes
573 217 717 278 nequeunt
746 222 764 263 a
794 200 978 265 Confellariis
999 204 1046 264 ab·
1088 204 1117 280 §.
1141 225 1170 280 9.
1191 223 1294 264 numer.
1308 223 1334 280 5.
1357 199 1459 280 Sporer
1472 199 1529 260 lue.
1551 199 1630 260 citat.
1663 221 1742 262 uem.
1770 197 1834 263 68.
1880 203 1923 267 ὰ

251 281 359 355 solvi,
390 299 458 342 cum
491 279 527 343 stc
567 280 656 345 nimis
686 281 788 355 injuste
817 281 942 347 alienum
975 283 1047 347 deri·
1090 283 1140 345 alii
1161 279 1281 364 paffim.

251 377 358 435 neant,
381 379 439 446 non
475 378 607 426 curantes
638 363 726 426 ruodo
756 361 875 458 prefato
906 364 1048 445 paulatim
1131 363 1252 429 Debitor
1273 361 1366 445 potest
1386 358 1475 424 etiam
1503 357 1620 424 differre
1645 361 1919 442 restitutionem,

251 443 421 514 restitueret
443 442 545 506 Nimis
573 443 653 507 enim
685 442 910 516 irrationabile,
944 444 1047 508 intole·
1091 443 1170 507 liob
1191 443 1281 528 ipsam
1302 441 1399 506 statim
1417 439 1581 504 faciendam
1614 442 1728 508 deberet
1766 443 1855 525 pati
1888 449 1922 512 in

251 522 364 599 rabile,
387 523 579 608 injustumque
608 523 664 600 eii,
687 523 775 608 qnod
807 523 920 588 Debitis
948 525 1049 588 obsiti·
1090 525 1316 606 ptopriio-bonia
1348 521 1558 604 temporalibus
1587 521 1705 604 aliquod
1735 525 1918 605 notabile,

252 605 293 668 tti
315 627 351 669 ex
374 624 600 682 mercatorum,
634 607 665 670 ur
693 605 892 688 operariorum
921 603 1049 683 sudore,
1091 607 1122 670 δι
1144 610 1237 682 majus
1263 605 1403 666 damnum
1419 648 1433 675 ,
1465 620 1554 682 quam
1584 605 1718 686 patiatur
1751 607 1919 673 Creditur

252 687 285 751 dt
308 685 442 768 sanguine
465 685 668 762 luxurientur,
702 688 842 769 pompole
873 687 1049 762 velliantur,
1090 707 1124 748 et
1147 686 1287 750 dilatione
1307 681 1523 759 restitutionis,
1551 706 1584 748 n.
1617 706 1661 765 gr.
1692 685 1724 748 Si
1766 685 1917 755 Debitor

256 768 379 832 delicate
401 767 588 844 nutriantur,
609 767 641 829 bt
664 765 862 840 huiusmodi.
892 766 938 829 Sic
968 787 1047 829 com·
1090 788 1148 830 uon
1170 833 1171 836 ,
1191 766 1255 832 ollit
1274 767 1371 828 statim
1393 764 1538 828 restituere
1557 763 1708 842 debitum,
1741 767 1806 832 nili
1834 793 1913 834 veu-

258 850 386 914 munitet
416 847 557 913 Dofloret
586 845 659 911 serio
696 849 792 926 quoad
832 847 896 910 bac
931 869 1049 912 monen·
1091 847 1141 911 dat
1214 869 1314 919 mum,
1350 846 1495 920 Villam,
1529 845 1561 908 br
1590 845 1760 918 huiusmodi
1798 855 1911 920 multu

257 931 351 996 tes&
374 925 837 1007 Debitores,&Confessarior,
871 945 903 993 ut
928 929 983 992 uni
1004 951 1049 993 ua·
1091 929 1232 1004 minoris,
1253 949 1342 1009 quam
1375 925 1511 1000 valeant,
1541 925 1573 988 de
1603 923 1718 992 aliunde
1750 929 1908 1013 affulgeat

256 1029 366 1078 veant.
1091 1009 1155 1094 sper
1176 1008 1297 1073 faciendi
1319 1004 1526 1090 polleaipsam
1560 1007 1777 1073 restitutionem
1814 1035 1901 1075 com

202 1115 236 1178 13
302 1092 426 1158 Debitor
440 1091 494 1174 qui
524 1091 685 1156 nutubilem
716 1092 822 1154 starum
854 1091 904 1155 srbi
934 1110 1052 1172 compa·
1094 1091 1226 1167 modius,
1248 1093 1279 1154 tr
1300 1089 1356 1151 stne
1376 1103 1462 1151 tanto
1481 1085 1796 1154 unumunurm
1816 1097 1901 1160 euin

261 1177 340 1240 ravit
361 1173 480 1252 injusse,
503 1193 564 1237 ver.
586 1194 630 1256 gr.
660 1175 841 1248 Mercator,
877 1189 927 1236 aut
957 1173 1049 1247 alius,
1091 1173 1304 1236 Creditornon
1327 1171 1419 1251 potell
1442 1167 1500 1230 elle
1529 1167 1742 1234 rationabiliter
1780 1173 1899 1243 invit:

256 1255 310 1338 qui
333 1255 436 1318 ilatum
454 1253 656 1337 dplendidum,
688 1253 734 1319 vel
765 1253 896 1316 nobilem
927 1245 975 1314 libi
1004 1273 1050 1314 ac·
1092 1273 1146 1334 pro
1165 1252 1218 1316 tali
1242 1252 1291 1316 fibi
1311 1250 1402 1313 dilata
1423 1247 1600 1312 restitutione
1628 1251 1667 1314 ob
1696 1251 1824 1318 dietum
1856 1261 1897 1331 ie.

258 1336 377 1418 quisivit
398 1359 433 1400 er
454 1334 562 1410 usuris,
584 1334 685 1407 furtis,
710 1332 835 1416 rapinis,
856 1333 887 1395 bt
907 1329 1051 1406 hujumo-
1093 1335 1165 1398 stum
1174 1334 1296 1396 dinem.
1312 1331 1497 1396 Communis.

258 1418 313 1493 di,
336 1437 395 1479 non
417 1417 508 1499 poteil
531 1415 738 1479 rellitutionem
770 1411 900 1488 differre,
932 1434 968 1478 ne
1001 1434 1051 1476 uo·
1131 1415 1160 1476 Si
1184 1413 1376 1489 Debitor,dt
1409 1410 1546 1474 Creditur
1574 1412 1750 1494 reperiantur
1791 1418 1827 1480 iu
1862 1443 1895 1482 a·
1910 1451 1927 1490 r,

260 1497 391 1564 tabiliter
410 1497 493 1559 cadat
515 1517 532 1557 a
552 1495 604 1557 tali
626 1497 725 1570 llaru,
752 1492 800 1557 ded
831 1511 944 1559 tenetur
975 1492 1050 1556 resli-
1090 1496 1170 1574 quali
1192 1493 1354 1559 necessitate
1373 1493 1477 1574 gravi,
1503 1509 1535 1556 ut
1565 1490 1585 1552 ii
1619 1515 1654 1558 ex
1685 1495 1785 1562 dilata
1820 1501 1895 1564 relli·
1925 1493 1927 1578 Ι

258 1597 339 1648 tuere
356 1578 450 1642 etiam
473 1595 539 1639 cum
559 1575 647 1638 rotali
669 1575 775 1650 janua
804 1573 870 1638 teliu
901 1575 987 1638 [latus
1008 1576 1049 1636 in·
1090 1579 1204 1640 tutione
1232 1574 1339 1658 equale
1376 1575 1514 1637 damnum
1544 1593 1675 1656 emergat
1713 1578 1889 1659 creditori,

160 1657 164 1664 ⁴
263 1661 333 1735 juste
354 1659 389 1722 de
409 1657 506 1722 alieno
525 1657 673 1738 acquisiti,
695 1677 762 1720 cum
783 1655 839 1720 hoc
872 1675 930 1720 non
959 1655 995 1718 fit
1015 1655 1051 1718 de
1090 1674 1159 1720 tuuc
1179 1657 1302 1720 Debitor
1322 1672 1436 1720 tenerur
1455 1653 1616 1718 restituere.
1637 1664 1832 1738 eumenis,
1854 1685 1888 1728 re.

260 1739 312 1803 iuo
334 1737 407 1803 liatu
427 1739 550 1814 cadere,
581 1735 625 1800 sed
656 1738 692 1798 ab
716 1759 787 1812 eo,
813 1738 869 1818 qui
901 1757 959 1800 non
989 1753 1050 1799 erat
1090 1737 1128 1799 lle
1152 1739 1195 1799 La
1214 1737 1304 1800 Croix
1327 1737 1378 1797 lib.
1391 1758 1419 1817 3.
1439 1753 1512 1812 part.
1536 1756 1564 1795 2.
1587 1760 1663 1800 num.
1687 1762 1761 1819 430.
1790 1745 1827 1806 ὰ
1849 1767 1886 1806 n.

264 1820 347 1893 suus,
369 1817 404 1881 ad
426 1816 506 1882 suurn
527 1816 714 1893 descendere,
736 1839 786 1880 nec
822 1819 919 1881 minor
939 1815 973 1879 iit
995 1815 1050 1877 ini·
1088 1818 1134 1880 tio
1154 1818 1211 1893 eil,
1230 1819 1302 1900 quia
1323 1819 1352 1878 in
1383 1815 1445 1898 pari
1475 1813 1556 1880 cause
1585 1819 1685 1897 potior
1711 1824 1751 1885 eil
1784 1827 1886 1888 cond-

259 1899 358 1982 quitas
377 1921 411 1962 ex
431 1899 533 1961 alienit
553 1899 657 1962 ilatum
681 1896 865 1972 conservare,
894 1916 982 1976 quam
1014 1918 1049 1960 etr
1089 1898 1134 1961 tio
1155 1897 1316 1962 Creditoris
1337 1897 1468 1960 babentia
1488 1895 1616 1960 urittum
1636 1899 1687 1970 Jtte
1704 1903 1741 1964 ad
1763 1907 1886 1988 exigere

263 1980 365 2045 alienis
383 1979 469 2044 illum
494 1977 543 2040 subi
574 1999 762 2057 comparare:
792 1977 862 2040 ltine
892 1976 965 2038 uilril
1000 1977 1049 2040 lna·
1090 1979 1159 2042 dum
1182 1979 1231 2042 subi
1257 1977 1413 2052 Debitum,
1434 1997 1529 2056 quatu
1561 1977 1705 2045 Debitoris
1736 2006 1799 2047 non
1838 1986 1887 2049 ira

260 2062 349 2137 bens,
371 2060 423 2122 nist
444 2060 545 2134 injulle
563 2059 720 2144 acquilira,
742 2075 855 2122 tenetur
888 2074 986 2121 totum
1007 2079 1048 2122 re-
1090 2058 1186 2122 bentir
1205 2057 1332 2122 liridium
1352 2058 1420 2132 Jur,
1444 2057 1487 2120 led
1520 2055 1612 2120 solum
1641 2061 1787 2128 licentiam
1827 2069 1888 2130 Ca·

262 2141 378 2206 llituere
397 2157 538 2224 quartum
560 2141 633 2204 citra
665 2159 825 2206 extremam
857 2137 1051 2202 necessitatem
1091 2141 1188 2204 titatir
1221 2140 1257 2204 ad
1286 2139 1375 2203 debiti
1413 2137 1616 2200 restitutionem
1652 2141 1848 2208 differendam
1874 2171 1887 2218 ς

255 2243 354 2286 carere
375 2223 467 2304 poteil
499 2219 589 2284 etiam
620 2219 706 2302 usque
737 2222 772 2284 ad
791 2219 1050 2308 mendicitatem,
1087 2221 1179 2296 Quod
1201 2221 1295 2286 verine
1316 2221 1371 2295 est,
1393 2217 1442 2282 ubi
1466 2217 1597 2283 Debitum
1626 2225 1802 2288 contractem
1831 2229 1884 2288 est
1924 2237 1927 2328 p

262 2302 314 2366 niu
349 2303 511 2386 periculum
553 2301 676 2365 insumiae
707 2305 847 2366 erculet.
890 2305 1051 2398 Communis
1086 2322 1128 2364 ex
1149 2300 1271 2396 delidio,
1292 2321 1361 2396 rum
1385 2300 1460 2364 ratio
1479 2299 1575 2393 diflet·
1593 2302 1681 2396 potina
1708 2302 1888 2398 fauentium

253 2399 536 2547 nuntiauit
556 2391 700 2538 utut?
714 2382 941 2547 ,tuitii
954 2383 1048 2527 uli
1085 2383 1142 2538 ii}
1162 2398 1441 2544 &tunultu
1460 2381 1888 2530 llt‘inltlttmtlll

264 2545 315 2608 lub
345 2565 431 2624 prena
469 2544 794 2609 Exeommunicationir
832 2545 1046 2623 compellantur
1087 2563 1213 2626 reportet
1242 2561 1345 2608 contra
1384 2542 1569 2607 innocentem
1612 2543 1677 2626 paci
1716 2545 1885 2612 uecelirrare

259 2622 297 2686 ad
318 2623 545 2702 restitutionem,
563 2627 598 2688 -dt
619 2624 659 2686 ob
679 2623 707 2683 id
736 2623 859 2684 debeant
888 2623 974 2686 vendi
1007 2640 1049 2710 et·
1088 2641 1262 2703 gravatum
1281 2648 1343 2706 urg.
1363 2639 1423 2704 rap.
1458 2626 1647 2688 Intelleximus
1675 2646 1705 2705 7.
1736 2629 1777 2691 de
1799 2629 1884 2708 judi.

264 2705 321 2767 iam
343 2723 444 2768 eornm
466 2706 586 2781 domur,
607 2723 640 2767 ac
661 2700 837 2784 poilelltones
857 2722 893 2764 er
907 2698 995 2764 usuris
1003 2721 1048 2764 ac·
1088 2709 1161 2778 ciis,
1183 2707 1245 2768 ibi:
1269 2711 1313 2768 Ne
1331 2706 1466 2768 videatur
1486 2706 1520 2766 de
1535 2707 1590 2782 seta
1617 2708 1733 2770 malitia
1770 2732 1881 2772 coum

255 2783 384 2865 quilitae.
1088 2785 1155 2846 dum
1175 2802 1329 2867 reportare,
1349 2785 1371 2847 l.
1394 2790 1457 2848 Nun
1482 2786 1652 2861 fraudantur
1691 2812 1765 2868 134.
1785 2793 1824 2866 ff.
1852 2793 1882 2850 de

206 2887 244 2945 14
300 2866 395 2929 ¹Sicut-i
417 2864 561 2941 Debitor,
583 2865 633 2948 qui
656 2863 756 2937 injuile
781 2861 834 2925 ubi
857 2863 1048 2946 comparauit
1088 2867 1185 2948 Regni.
1201 2872 1268 2946 Jur.
1289 2870 1318 2943 §.
1344 2887 1370 2930 t.
1392 2865 1453 2928 ibi:
1478 2871 1566 2929 Nemo
1584 2889 1618 2930 ex
1634 2872 1686 2950 suu
1704 2871 1814 2934 delitet
1832 2896 1877 2934 rae

254 2946 348 3009 talem
369 2947 493 3018 ilatum,
515 2949 557 3010 ita
576 2948 666 3010 etiem
688 2946 748 3018 eiua
768 2944 847 3008 heres
877 2944 958 3007 malae
979 2943 1044 3008 fidei
1084 2948 1180 3008 liorem
1195 2950 1281 3024 suaet
1298 2947 1475 3009 cruditionem
1491 2949 1585 3026 facere
1601 2950 1708 3047 peresi.

260 3047 289 3089 v.
310 3048 353 3107 gt.
370 3023 451 3088 nlius
472 3025 620 3101 Usurarii,
651 3026 697 3089 vel
730 3026 897 3088 mercatoris
927 3026 1043 3100 iuiulli,
1118 3029 1250 3104 Quando
1280 3026 1430 3105 Debitor,
1462 3028 1492 3092 δι
1526 3031 1661 3097 Credrtor
1694 3035 1909 3131 reperiuntur!

249 3106 305 3187 qui
345 3106 421 3170 mala
452 3105 506 3172 lide
539 3109 630 3188 coepit
660 3103 795 3187 politdere
834 3105 910 3168 bona
947 3106 1046 3179 injuile
1087 3110 1116 3170 in
1138 3107 1239 3188 equali
1260 3105 1420 3174 uecelittate
1442 3115 1592 3190 ettreuia,
1615 3113 1787 3180 stDebrtor
1809 3119 1876 3199 print
1925 3091 1927 3124 ⁴

255 3187 503 3268 aequimanum
526 3189 629 3260 Patre,
652 3203 765 3248 tenetur
794 3185 935 3252 restituere
954 3187 1046 3250 etiarn
1087 3190 1115 3251 in
1140 3189 1253 3252 ‚didam
1283 3209 1444 3254 extremam
1477 3193 1671 3260 neceffrretam
1713 3198 1873 3272 inciderit,

253 3288 323 3330 cum
345 3267 508 3332 mutatione
531 3267 599 3330 talia
618 3267 705 3329 slatus
740 3263 857 3359 relidi,
889 3269 919 3330 dt
949 3265 1046 3350 inique
1086 3292 1143 3332 non
1165 3288 1278 3336 tenetur
1298 3270 1442 3334 rellituere
1462 3273 1609 3340 Creditori
1630 3278 1728 3372 poilea
1761 3280 1875 3342 similent

253 3346 389 3490 tulii
402 3345 805 3510 nitui⁸itriu¹t¹²¹t
820 3346 1044 3510 multitu:
1085 3351 1465 3499 ‘tl'tlurt‘sz‘lliut
1484 3354 1658 3503 ltlllfit
1690 3358 1767 3503 tl}
1783 3361 1873 3503 ,Dii

254 3505 364 3570 tenoris
386 3507 507 3571 desuuiii
530 3469 754 3574 mcearrertam'
768 3507 944 3574 immediato
964 3509 1043 3573 ltere-
1083 3513 1154 3576 uvir
1175 3454 1339 3578 doirrinium
1362 3515 1405 3578 rei
1425 3518 1582 3582 necessaria
1602 3458 1779 3600 Jureppoli3
1801 3461 1871 3584 ’Ῥω

256 3586 285 3649 di
308 3585 397 3663 vivo,
429 3613 489 3672 arg.
511 3591 571 3674 deg.
601 3592 653 3653 ult.
683 3592 752 3653 cod.
776 3592 976 3665 ·Cummuuiae,
1010 3594 1046 3653 de
1085 3594 1154 3675 quie
1175 3595 1193 3655 st
1217 3594 1342 3658 Debitor
1375 3597 1454 3677 prius
1483 3599 1652 3680 reperiretur
1685 3601 1716 3662 in
1747 3621 1871 3667 extrema

250 3669 485 3750 usucapionibus,
514 3673 535 3734 l.
558 3678 638 3735 Cum
666 3671 767 3744 heres,
792 3673 830 3748 ff.
860 3673 894 3736 de
928 3670 1046 3746 diuerfir
1085 3673 1265 3750 neceffitate,
1287 3676 1442 3753 Creditor,
1462 3681 1599 3762 quamvis
1620 3699 1676 3743 non
1697 3681 1768 3746 eli'et
1791 3685 1870 3758 ralis,

247 3751 294 3844 (p
314 3751 506 3829 temporalibus
529 3754 805 3848 proscriptionibus,
837 3753 876 3848 Cp·
905 3755 935 3830 §.
968 3757 1040 3820 Diu·
1081 3773 1226 3820 teneretur
1243 3755 1339 3838 eidem
1356 3754 1529 3832 subvenires
1548 3781 1617 3845 ergo
1638 3782 1655 3823 a
1675 3760 1824 3828 fortiorii
1856 3786 1871 3828 a

195 3849 230 3911 ¹³
254 3832 858 3995 interlitainterluitur?
878 3849 1040 3977 ‘liunt
1082 3836 1222 3980 l‘lltl‘
1244 3839 1489 3987 ‘linurin
1506 3843 1694 3987 ³¹¹u‘¹¹i‘”⁸
1717 3867 1807 3989 3⁶⁶5·
1821 3865 1872 3910 '¹²'

1029 3949 1040 3962 “
1122 3963 1130 3989 t
1209 3986 1211 3990 ,
1519 3944 1536 3986 ἃ
1639 3945 1685 3988 em
1748 3948 1761 3987 l'

254 3993 289 4053 de
307 3990 469 4071 ¹,cognoscet
498 3993 586 4057 talem
617 3997 720 4058 ilatum
753 3993 832 4058 fuisse
860 3956 881 4056 ’a
909 3993 958 4058 suo
991 3994 1040 4056 Pe·
1082 3993 1129 4061 exi
1150 4019 1214 4073 ere,
1232 3939 1421 4065 ‘'communih
1584 3944 1621 3989 ω
1761 3946 1871 3992 ΗΜ

251 4087 299 4134 tre
318 4069 418 4144 injuste
438 4072 607 4168 acquisitum
628 4095 662 4138 ex
696 4075 779 4139 bonit
807 4072 937 4170 aliepir3
971 4094 1040 4141 runc
1122 4020 1293 4144 {contrait
1323 4083 1458 4148 Creditur
1486 4083 1565 4164 peine
1594 4085 1730 4152 inciderit
1755 4089 1796 4152 ‚in
1822 4111 1870 4158 er·
1888 4113 1909 4170 rr

254 4170 312 4213 non
334 4168 446 4216 tenetur
467 4153 791 4238 notabrlrterncaderea
824 4153 876 4218 tait
898 4156 970 4218 ssatn
990 4155 1039 4218 bo
1082 4176 1206 4224 tremam
1228 4161 1442 4239 necellitatent,
1478 4183 1591 4230 tenetur
1624 4167 1747 4234 Debitor
1777 4171 1871 4238 statim

255 4251 292 4326 nte
320 4229 375 4295 fide
412 4252 532 4315 accepto
561 4235 601 4298 ob
632 4235 838 4300 restitutionem
871 4237 965 4300 llatim
997 4235 1039 4298 fa·
1082 4241 1229 4305 restituere
1249 4243 1300 4325 ipsr
1321 4241 1469 4308 credituri
1485 4267 1549 4310 rem
1574 4251 1650 4312 luam
1682 4248 1795 4334 duplici
1823 4256 1870 4327 Jn·

253 4310 402 4387 crendarn,
426 4313 471 4377 sed
492 4315 600 4396 poterit
630 4315 741 4379 differte
776 4317 855 4380 ficuti
885 4316 965 4399 supra
991 4342 1040 4381 nu·
1083 4342 1129 4395 re,
1153 4342 1256 4402 nempe
1276 4325 1306 4386 δι
1329 4326 1394 4396 Jure
1416 4319 1541 4392 dominii
1560 4329 1596 4392 ad
1625 4330 1706 4394 illam
1739 4353 1819 4411 rem,
1838 4337 1870 4400 ἃ

252 4415 320 4456 ruer.
346 4408 392 4456 11.
417 4393 456 4457 <tr
477 4415 518 4457 na
539 4395 704 4462 didinmell
726 4397 760 4460 de
792 4397 946 4472 Debitore,
986 4399 1037 4476 qui
1080 4401 1146 4473 Jure
1169 4403 1289 4482 poliob
1319 4404 1424 4471 didam
1453 4424 1615 4473 extremam
1648 4411 1867 4480 ncceliitatem·

251 4473 355 4536 ilatum
376 4473 458 4538 sunm
480 4474 618 4569 ltonelle,
640 4478 672 4542 bt
692 4479 760 4550 julie
788 4498 821 4540 ac
844 4479 958 4543 uilivit.
991 4478 1038 4543 Sic
1079 4483 1159 4544 Tum
1179 4484 1290 4565 qutun
1313 4485 1452 4564 Debitor,
1482 4491 1620 4574 quamvit
1650 4493 1724 4561 nihil
1758 4463 1868 4564 deberet,

251 4573 317 4617 cnm
338 4554 403 4620 aliie
425 4556 599 4621 Tamburm.
629 4555 681 4623 tib.
703 4557 735 4624 8.
768 4497 850 4626 urai.
867 4581 898 4638 4.
929 4577 988 4644 cup.
1011 4581 1039 4630 t.
1081 4563 1249 4646 Creditori,
1270 4582 1414 4637 teneretur
1434 4568 1527 4634 eidem
1554 4573 1589 4638 in
1612 4591 1750 4644 extrema
1778 4579 1865 4644 0222ss

1761 4659 1825 4728 fitt-
