3996 5266
558 111 1353 198 SPOLIUM.
1613 140 1695 228 455

142 225 300 297 turdorum
322 240 389 290 cura
411 221 515 306 speum
539 271 550 302 ,
578 225 739 308 quidmam
767 241 934 290 attentent:
976 223 1092 298 sanxit,
1114 243 1145 288 ur
1167 225 1280 288 bona-a
1303 223 1429 288 Praelnris
1450 226 1696 303 cathedralium,
1726 227 1758 292 st

143 311 220 374 Item
243 305 432 373 Ecclesrarum
467 306 690 372 indemnitatem
720 307 842 370 Vicario
874 307 932 370 Ge·
975 305 1180 386 Regularium,
1200 305 1230 368 dr
1252 305 1479 387 Collegiatatum
1501 307 1757 386 dimissa,'velue·

143 389 233 454 nerali
257 382 382 452 Praesulit
415 390 581 470 agrotantis
610 387 842 452 demandando.
873 387 931 452 De-
970 386 1094 449 cationis
1114 405 1244 466 tempore
1263 385 1473 464 obvenientia,
1495 386 1526 449 lo
1548 387 1705 454 utilitatem
1715 390 1758 452 di-

143 468 252 536 mortui
274 465 340 530 inde
363 463 487 530 Ptaesulis
510 465 602 548 spolia
622 469 677 533 else
696 467 849 549 diligenter
880 489 929 532 cu·
970 465 1294 529 slatum‘Eccleliarum
1316 474 1541 548 expendantur,
1574 469 1620 531 vel
1654 469 1763 536 suturie

141 546 314 622 slodienda,
347 547 378 608 br
399 549 485 616 adid
499 549 601 614 *claues
633 549 845 629 obsignatorem
880 568 927 612 cu·
972 545 1169 618 successoribus
1188 547 1309 610 debeant
1320 547 1441 612 fideliter
1458 545 1610 621 reservati,
1632 551 1758 612 commi-

140 629 299 692 biculorutn
322 647 340 690 a
361 625 480 707 prefato
500 629 779 706 Viceriossenerali
800 629 852 691 esse
869 646 928 692 tra·
972 628 1066 690 nando
1088 630 1116 688 in
1139 626 1324 710 particulares
1343 648 1528 708 occupatores
1548 647 1666 710 prunam
1704 629 1758 694 sus-

138 710 241 782 uentus
264 708 385 770 Vicario
405 708 597 791 capittelen,
628 709 660 772 br
695 709 851 774 Canonicis
884 709 930 772 de·
973 707 1115 789 pensionis
1135 709 1172 770 ab
1191 706 1324 790 Officiis,
1348 711 1378 770 δι
1400 709 1573 772 Beneficiis.

139 789 283 874 putarit,
315 807 365 869 per
401 789 494 852 aslum
525 789 679 855 solemnem
711 810 808 854 cotem
830 788 931 850 iisdem
1014 787 1121 854 Nihilo
1142 807 1239 852 tamen
1261 788 1359 852 minus
1379 789 1585 853 consueuerant
1620 787 1757 873 Episcopi
1780 812 1819 872 50

140 873 278 944 uallibus,
296 869 471 950 explendum
495 915 506 946 ,
535 872 566 934 br
595 869 712 937 dotatio
745 870 875 935 fimilirer
896 871 929 932 lia
971 867 1048 932 bona
1067 867 1247 934 Clericotum
1268 869 1464 933 decedentium
1487 871 1524 934 ab
1538 869 1755 934 inteslarousuc-

141 951 211 1015 teria
241 950 461 1029 consignandum
482 975 495 1022 ;
527 955 574 1014 Ac
589 951 799 1032 ¹pnecipiendo
821 993 831 1026 ,
852 951 931 1032 qood
972 969 1058 1030 pare,
1081 949 1187 1031 sibique
1208 949 1370 1024 vindicare,
1393 951 1437 1013 uel
1460 949 1665 1030 eul'rivilcglo
1679 953 1758 1016 Sedis

141 1030 343 1093 leisomnibue
372 1030 513 1100 absolutis¹
540 1051 720 1112 nequaqum
752 1031 837 1096 liceat
867 1049 927 1096 cern
971 1029 1163 1110 Apollolicae,
1187 1028 1509 1096 nelexconsuetudine.
1534 1031 1754 1112 Priuilegiinno·
1779 1056 1818 1114 51

143 1113 232 1176 ullam
252 1113 286 1186 ‚in
306 1107 429 1174 desunsli
452 1110 743 1193 spoliotrepertato,
776 1110 927 1188 uendere,
969 1122 1139 1174 numentum
1163 1109 1281 1174 lrabetur
1303 1110 1331 1172 in
1354 1127 1419 1191 cape
1436 1118 1533 1196 Qum
1558 1111 1616 1186 fibi
1647 1111 1693 1174 28.
1723 1116 1761 1174 de

142 1211 193 1256 aut
214 1191 272 1253 alia
293 1191 404 1258 rarione
419 1191 579 1266 alienare,
609 1192 671 1256 nifi'
687 1193 841 1274 posquam
876 1193 929 1253 Ec·
972 1189 1051 1252 verb.
1069 1190 1166 1272 fignif.
1187 1190 1430 1256 Consuetudinem
1455 1213 1523 1257 uero
1543 1192 1679 1274 probavit
1701 1193 1756 1258 Bo·
1779 1215 1816 1274 5²

142 1271 228 1334 clestar
248 1273 282 1348 tle
305 1291 386 1334 nouo
407 1273 536 1346 Paliore,
560 1271 605 1336 seu
626 1271 748 1336 Reslore
781 1270 928 1352 provisum
974 1270 1092 1338 nisaciut
1122 1271 1215 1336 Vlll.
1244 1273 1275 1334 in
1306 1287 1365 1367 cap.
1395 1277 1529 1354 Praesenti
1557 1296 1586 1350 9.
1618 1277 1654 1335 ele
1674 1275 1756 1351 offic.

143 1346 257 1434 suerit,
290 1369 375 1431 atque
398 1353 444 1416 lric
466 1351 588 1426 eiusdem
623 1352 754 1418 Ecclesae
789 1352 925 1434 possesso
968 1355 1164 1418 nument
1186 1352 1755 1436 bancBontsaciiConslirutionempro·
1779 1376 1815 1438 53

144 1455 208 1498 oetn
231 1433 350 1510 adeptus
371 1431 477 1502 suerit;
496 1433 566 1512 quie
574 1430 737 1515 possessione
747 1433 849 1515 adepta
859 1455 924 1516 prae·
971 1435 1053 1500 bavit
1075 1435 1232 1500 Concilium
1254 1435 1436 1516 Cellaeetiense
1452 1437 1516 1517 seff.
1540 1457 1586 1516 39.
1604 1433 1657 1513 [ab
1677 1439 1756 1500 titul.

144 1513 240 1578 scribit
263 1533 291 1574 re
313 1513 372 1576 ulae
393 1511 541 1579 servandas
570 1513 608 1574 ab
640 1512 701 1594 ipso
731 1513 807 1578 circa
836 1535 880 1581 rea
898 1515 931 1578 in
970 1515 1004 1578 de
1020 1516 1092 1597 lpas.

146 1593 270 1658 desunsli
307 1594 387 1672 polio
407 1607 558 1672 repertas.
593 1593 788 1676 Quicumque.
812 1595 930 1662 interito
1014 1599 1182 1679 lntereaque
1202 1615 1300 1660 ortum
1324 1595 1403 1661 suurn
1425 1597 1753 1664 saeculoXlll.ltabois-
1778 1617 1819 1678 54

142 1675 214 1738 Sede
244 1691 392 1744 vacante,
423 1692 606 1755 quocumque
638 1677 727 1738 modo
758 1673 848 1758 spolia
878 1676 930 1740 illa
969 1673 997 1738 se
1018 1678 1132 1740 videtur
1154 1673 1309 1742 resaluto
1331 1676 1415 1759 spolii
1435 1679 1633 1743 decedentium
1663 1679 1755 1743 Cleri·

142 1755 394 1827 administratum,
416 1751 464 1816 vel
484 1753 723 1818 administrationi
739 1754 928 1837 prosuerunt,
969 1776 1069 1822 corum
1092 1758 1120 1818 in
1143 1753 1272 1820 sertorem
1294 1757 1422 1820 cenete
1446 1759 1756 1840 Apnuorim.1nn0·

107 1903 112 1910 ,
143 1855 221 1898 novo
245 1829 360 1902 I‘rtesnli¹
376 1830 519 1909 rationein
542 1835 654 1912 reddere
673 1853 823 1906 tenentur.
848 1834 928 1901 ltlern
970 1837 1081 1902 centius
1109 1835 1187 1899 enim
1220 1835 1274 1898 IV.
1306 1837 1414 1913 primae
1437 1839 1576 1900 onmium
1608 1835 1757 1904 consituir

142 1911 336 1992 ibid.§.12.
898 1945 902 1956 ·
971 1938 1047 1982 anno
1071 1921 1158 1994 1246.
1189 1932 1221 1981 ut
1251 1915 1269 1976 li
1299 1914 1428 1980 Clericus
1447 1937 1481 1978 et
1516 1931 1583 1979 tono
1612 1915 1758 1983 decederet

495 2057 500 2064 .
971 1999 1150 2072 inteslarus,
1191 1994 1313 2072 ejusdem
1344 1998 1419 2059 bona
1458 1998 1486 2058 in
1532 1993 1594 2060 usus
1635 1995 1758 2062 Domini

260 2075 352 2138 Nove
372 2075 526 2140 additiones
545 2099 578 2140 ex
596 2083 690 2146 alt'ena
709 2102 812 2146 manu·
973 2081 1054 2159 Papae
1075 2092 1335 2170 converterentur,
1365 2094 1398 2138 ut
1421 2076 1570 2169 Mattheus
1601 2079 1758 2156 Parifienstt

80 2251 121 2311 45
187 2229 378 2332 lienesciariis
400 2237 479 2332 pulle
501 2236 650 2306 secondum
672 2242 807 2331 Coronea
826 2241 862 2303 ell
960 2159 1111 2302 sinisii?
1119 2155 1757 2318 uidisse‘sdsiludisis‘piliaeiodsliilffi

143 2315 225 2380 tellas
245 2313 410 2399 disponenda
431 2316 513 2384 causa
534 2321 691 2389 mortiede
710 2319 848 2384 srusirbue
877 2258 929 2382 ii·-
972 2319 1129 2384 vuemo
1154 2321 1240 2395 ¹34⁶e
1267 2319 1297 2380 ur
1332 2317 1368 2382 ab
1397 2317 1759 2385 InnocentioV1.=anno

143 2392 311 2470 nesciomm
343 2416 405 2462 tam
435 2399 589 2475 correctis,
619 2415 710 2483 quem
742 2399 929 2486 colligendis,
975 2420 1062 2479 135²·
1097 2395 1264 2466 consormee
1293 2395 1377 2464 edito
1405 2397 1519 2462 suerunt
1558 2398 1749 2476 Conllitutio·
1795 2471 1797 2478 ‚

144 2473 280 2620 tebusgpe
302 2477 351 2540 srbi
373 2479 507 2544 obventis
527 2481 730 2555 auriculum,
753 2479 929 2562 velpecunia
971 2502 1040 2546 nen¹

145 2557 219 2618 liene
260 2579 280 2618 tt
301 2560 497 2639 comparatis,
524 2557 567 2624 sed
590 2562 642 2643 ipsn
663 2565 724 2644 poll
746 2557 825 2624 suum
838 2559 927 2624 derel·
1009 2561 1158 2637 Quoniam
1180 2581 1248 2625 reto
1269 2558 1360 2642 aliqui
1382 2561 1541 2625 indubium
1554 2563 1748 2639 revocabant,
1777 2580 1813 2643 55

143 2628 205 2696 sum
224 2635 327 2701 omnia
346 2637 476 2702 Ecclesiae
498 2639 550 2704 sue
572 2640 846 2714 reslitueredebent3
867 2657 925 2722 cap.
967 2662 1003 2704 an
1025 2641 1102 2704 bona
1122 2643 1152 2703 st
1173 2640 1263 2720 spolia
1284 2637 1470 2710 l’raelarorum
1494 2660 1624 2724 tempore
1655 2643 1755 2710 obitus

140 2709 222 2796 finni.
244 2717 279 2782 de
301 2722 394 2796 Pecus.
416 2722 518 2784 cleric.
968 2723 1160 2792 remanentia,
1184 2721 1220 2782 ad
1243 2721 1396 2785 Cameram
1419 2723 1616 2805 Apollolicant
1639 2729 1752 2804 geneia·
1851 2769 1855 2774 ,

76 2795 151 2868 46·
186 2799 250 2862 Nec
281 2802 426 2868 renebus
447 2802 699 2884 patrimonialibus
726 2801 824 2874 ‚tellari
843 2799 928 2864 ¹olim
970 2801 1025 2863 tim
1049 2803 1221 2876 pertinerent
1243 2823 1277 2867 ert
1299 2803 1395 2886 aliqua
1415 2804 1538 2885 generali
1561 2805 1753 2870 Conllitutio·
1800 2811 1804 2816 ’

142 2896 276 2960 poterant
297 2873 404 2944 Clerici
437 2883 569 2958 uiuentes
596 2884 688 2948 vitam
719 2901 927 2947 communem:
972 2902 1007 2944 ne
1020 2879 1227 2962 ,Apollolicn
1258 2900 1410 2964 propterea
1428 2886 1506 2964 qood
1527 2883 1701 2948 Colleslores
1722 2887 1753 2946 in

75 2971 121 3035 47
142 2964 215 3028 Can.
237 2961 307 3022 Noln
327 2982 376 3023 aa.
399 2987 427 3043 q.
454 2983 487 3037 1,
505 2963 564 3022 Poll
588 2961 708 3029 solutam
733 2981 803 3024 veto
834 2959 924 3020 Cleri·
968 2957 1084 3032 ueriis,
1114 2959 1158 3024 sed
1179 2981 1235 3024 non
1268 2963 1403 3028 uniuersis
1436 2964 1595 3027 Provinciis
1624 2965 1753 3028 Romani

140 3059 241 3101 toturn
262 3043 515 3107 eornmunteneem
536 3040 572 3104 de
603 3042 685 3104 rebus
715 3038 924 3120 patrimoniali·
968 3039 1121 3118 Pontifices
1141 3041 1336 3111 dellinassentt
1361 3043 1462 3108 Pauluc
1483 3043 1543 3108 111.
1567 3044 1681 3106 tandem
1701 3063 1751 3105 an·

141 3121 193 3200 bue
212 3119 250 3181 ad
270 3117 387 3182 libitum
410 3122 504 3186 teliaci
524 3123 566 3184 eis
586 3122 771 3196 concellum,
803 3119 847 3184 sed
879 3141 936 3184 nne
968 3143 1005 3186 nu
1028 3117 1116 3199 ῑς4ι.
1141 3122 1470 3204 terrenorumque
1500 3123 1601 3204 incipit
1632 3129 1755 3189 nomene·

140 3219 288 3338 §utquam
309 3200 342 3266 de
364 3201 566 3268 Ecclefiafficis
585 3204 792 3284 proventibus,
811 3217 872 3284 cap.
897 3221 926 3260 2.
967 3201 1109 3279 Pontificit
1129 3205 1362 3278 Providentiam,
1382 3202 1571 3270 declarantem
1593 3203 1671 3270 bona
1700 3205 1751 3268 bu·

163 3279 316 3356 eTeslam.
970 3283 1091 3359 jusmodi
1112 3283 1299 3362 prolatorum⁴
1318 3285 1372 3348 stne
1394 3283 1530 3348 facultate
1550 3284 1667 3347 tellandi
1702 3285 1751 3354 de·¹

73 3353 119 3434 48
185 3359 245 3420 Poll
267 3360 452 3426 constitutam
475 3383 568 3430 terum
591 3363 719 3429 Ecclesiae
737 3361 928 3446 partitionem
969 3363 1130 3428 cedentium
1153 3365 1326 3444 ubicumque
1354 3365 1391 3436 ad
1424 3366 1577 3428 Cameram
1602 3363 1748 3445 Apostoli·

141 3438 173 3500 in
194 3439 391 3522 Episcopum,
409 3442 550 3522 euterun,
570 3445 745 3520 Fabricam,
767 3447 797 3508 uc
821 3445 926 3518 Paupe·
968 3465 1033 3514 cam
1057 3443 1207 3526 spellare,
1237 3445 1338 3528 &per
1371 3445 1539 3510 colleslotes
1567 3443 1754 3532 Apollolicos

142 3539 205 3593 ree,
227 3519 389 3584 dubitatum
412 3522 485 3602 suit,
508 3548 543 3588 ao
567 3523 724 3608 Episcopus
746 3521 928 3587 nomineEc·
970 3524 1046 3604 exigi
1068 3524 1188 3590 debere.

140 3599 229 3663 crete
251 3599 459 3682 intelligptetur
478 3607 521 3680 ad,
534 3605 664 3668 eli'esium
678 3604 861 3671 succedendi.
882 3606 926 3665 Ar
1008 3607 1092 3667 Hanc
1113 3604 1356 3671 constitutionem
1378 3605 1584 3682 continuavit,
1606 3607 1636 3669 br
1657 3605 1747 3670 decla·
1772 3605 1812 3682 56

141 3680 421 3766 Alexanderlll.in
444 3685 587 3750 Decretali
609 3688 645 3750 ad
666 3686 838 3768 Capitulum
858 3681 925 3747 Cas·
968 3687 1044 3764 rpeit
1074 3685 1167 3758 lulius
1197 3685 1255 3748 lll.
1286 3688 1470 3752 immediatus
1500 3687 1631 3752 successor
1673 3705 1750 3750 anno

142 3761 254 3830 sanense
277 3763 335 3826 inc
370 3785 439 3828 .22.
450 3769 485 3828 de
495 3767 658 3839 Testament.
679 3767 832 3841 desinivit,
850 3765 928 3846 quod
975 3787 1062 3847 1550·
1082 3767 1112 3830 in
1136 3765 1234 3841 liulla,
1256 3769 1303 3831 cui
1326 3769 1463 3831 initium:
1485 3771 1598 3831 Dudum
1618 3791 1653 3832 ex
1672 3773 1751 3829 certis

139 3843 263 3909 nomine
286 3841 342 3908 Ecc
373 3845 418 3926 fia,
434 3867 495 3910 oon,
515 3847 700 3930 Episcopus,
723 3847 769 3914 vel
790 3843 930 3910 Successor
969 3848 1072 3928 quibus
1092 3847 1256 3942 praesctipfir
1277 3847 1380 3912 seusina
1403 3848 1609 3914 Beneficiorum
1633 3849 1751 3911 crassos

138 3922 250 3986 Clerici
271 3926 425 3990 morientia
452 3930 500 3992 ubi
531 3929 569 3992 esi
598 3929 765 4008 Collegium
800 3926 927 3991 Clerico·
969 3930 1086 3992 &cum
1108 3928 1224 4023 reliques
1245 3929 1423 3994 Clericorum
1435 3929 1750 4012 bonisptosaniscom·

138 4025 230 4080 rum,
250 4003 294 4068 sed
315 4009 480 4074 communis
508 4009 694 4148 congregatio
729 4008 930 4088 intelligatur,
969 4006 1098 4083 mixtos,
1120 4029 1152 4070 ac
1175 4030 1393 4091 rncorporatos,
1416 4011 1451 4074 ad
1465 4011 1583 4075 liberam
1595 4009 1773 4076 Beneficia..

100 4101 322 4226 *guantum
346 4088 564 4154 inhaereditare
595 4090 703 4153 Cerici
735 4087 926 4152 remansurum
968 4107 1067 4154 rorum
1089 4087 1320 4172 dispositionem,
1342 4090 1390 4154 ubi
1412 4093 1510 4156 aSede
1521 4090 1750 4173 Aposlolicaob·

158 4165 225 4228 eber
245 4169 415 4232 canonicam
437 4170 684 4245 dillributionem,
706 4172 736 4234 de
756 4189 854 4232 curam
876 4170 925 4231 ha·
967 4170 1107 4234 tinuerint
1130 4170 1272 4234 indultum
1295 4171 1489 4252 disponendi,
1512 4171 1660 4254 speslate,
1693 4169 1750 4234 sto·

138 4248 228 4310 bere:
249 4245 297 4308 ubi
318 4265 496 4314 autemnon
516 4251 554 4314 esi
584 4250 785 4331 Collegium,
818 4247 862 4314 sed
896 4247 927 4310 in
968 4251 1029 4314 ilus
1049 4271 1120 4313 vero
1141 4269 1200 4312 tarn
1224 4253 1384 4324 inetaslna,
1407 4273 1495 4335 quero
1516 4273 1574 4316 non
1605 4249 1749 4316 commix-

138 4327 208 4390 loco
229 4323 351 4394 desuntri
374 4353 445 4394 unus
465 4331 501 4395 est
516 4331 707 4405 ordinandus,
730 4327 848 4414 ipsemet
858 4329 926 4392 Suc·
968 4349 1015 4396 tos
1034 4331 1069 4393 ad
1090 4332 1292 4396 CameramA
1337 4333 1465 4396 stolicanr
1486 4331 1619 4398 reservari
1648 4331 1752 4395 debete

138 4405 230 4484 celsor
249 4409 400 4486 eamdem,
423 4412 492 4477 ficut
515 4413 544 4477 δι
566 4412 623 4476 alia
645 4412 731 4492 Ipsius
750 4410 880 4474 Ecclesrz
895 4410 927 4470 in
968 4413 998 4474 in
1020 4410 1108 4487 locis,
1132 4414 1180 4475 ubi
1200 4411 1265 4476 Coll
1345 4433 1373 4476 es
1393 4414 1482 4476 etune
1497 4410 1677 4493 Apollolici.
1698 4410 1751 4473 Ad

70 4509 117 4567 49
139 4489 201 4552 Dei
223 4489 328 4559 timore
347 4491 506 4577 dispenset.
529 4493 569 4558 Et
593 4489 753 4556 Bonifatius
783 4492 875 4555 Vlll.
897 4493 931 4552 in
970 4491 1148 4562 Clericorum
1182 4484 1208 4556 ax
1232 4517 1276 4557 ern
1309 4496 1430 4558 baredts
1460 4491 1596 4588 profanos
1623 4492 1680 4556 fite
1713 4490 1759 4552 ab.

139 4586 202 4654 cap.
225 4575 305 4656 Quia
321 4575 391 4658 sepe
413 4596 459 4656 50.
481 4573 515 4638 de
535 4573 618 4668 elesl,
633 4577 664 4640 in
695 4581 723 4639 ό.
756 4573 930 4642 toleranter
972 4573 1128 4653 inteslato,
1149 4508 1755 4718 fivemdutessamenftofvrgoreqnarumcome

1478 4674 1499 4714 a
1657 4673 1719 4735 que
