4024 5268
259 106 358 226 ιιι..
601 89 1543 203 εΕΜιΝΑιιιυΜ.

157 259 174 325 5
235 224 428 299 Seminarium
451 221 523 308 erigi
545 225 716 310 nonporest
738 220 767 285 in
789 222 907 289 AEdibus
927 225 983 290 Ca·
1026 220 1127 304 scopus
1147 221 1291 303 requirere
1311 221 1386 288 circa
1406 246 1462 299 ea,
1484 247 1549 308 quae
1561 244 1744 294 concernunt
1764 251 1830 316 por.

195 309 406 386 nonicalibus,
437 305 490 370 nisr
510 305 545 370 de
575 302 714 368 consensu
736 303 983 381 canonicorum,
1025 306 1122 368 tiones
1151 303 1341 367 detrahendas
1370 322 1405 370 er
1440 306 1558 388 singuiis
1588 309 1742 378 Beneficiis
1775 336 1831 398 pro
1946 360 1951 370 .

194 397 226 460 δι
247 392 290 454 ira
310 387 500 474 separatum,
534 401 565 450 ut
588 384 782 466 Presbyteri,
813 385 860 447 uel
882 387 991 452 Clerici
1033 384 1234 450 sustentatione
1254 385 1437 464 Seminarii,
1469 389 1500 452 δι
1531 389 1653 458 uniones
1674 391 1837 460 Beneficio.

194 474 308 540 nullam
329 468 627 536 communicationem
660 465 783 530 habeant
812 483 879 527 cum
901 469 990 534 Semi·
1032 485 1097 533 turn
1120 465 1165 530 issi
1188 464 1334 533 facienda.
1355 467 1402 532 sic
1424 473 1547 553 expresse
1561 475 1835 546 Concii.Tridenr.

196 556 331 620 mritis.
352 560 431 619 sacr.
446 559 581 636 congreg.
597 549 724 632 Episcop.
746 550 777 611 iu
798 549 941 614 Mutineu.
966 571 995 634 3.
1036 552 1085 613 cir.
1101 565 1160 632 cap.
1175 549 1222 612 18.

197 635 386 712 Febr.r604.
1077 631 1239 694 Consilium
1269 627 1414 695 dissutum
1450 631 1667 716 Deputetotttm
1698 635 1835 710 adhibere
1861 667 1900 712 re

157 727 177 790 6
241 719 325 784 Pueri
346 714 441 782 aiendi
473 716 503 777 in
524 709 689 778 Seminario
723 706 885 796 sumptibus
915 711 994 780 iliius
1035 711 1118 777 deber
1139 712 1322 807 Episcopus,
1345 729 1406 776 tem
1430 714 1460 776 in
1483 717 1691 784 constituendis
1712 722 1837 808 Regalis

199 799 264 866 sunt
285 799 340 862 filii
373 817 530 882 pauperum
554 797 635 858 bonae
666 789 802 868 indolis,
834 793 885 873 qui
915 795 993 874 spem
1034 793 1213 871 Seminatri,
1233 815 1322 876 quam
1346 794 1376 856 in
1398 793 1557 874 eseffione,
1581 799 1779 882 admissione,
1802 807 1836 872 ἀ

198 885 282 947 bonae
303 875 517 962 expesiationis
537 872 716 961 praeseferant
739 918 748 937 .
770 873 888 938 Concis.
909 877 993 940 Trid.
1034 874 1199 959 expulsione
1220 895 1397 1021 puerorum,
1420 875 1450 938 in
1472 876 1664 961 deputatione
1675 883 1835 969 Magistro-

199 967 249 1028 m,
262 977 324 1044 cap,
339 963 384 1024 18.
688 1032 695 1050 1
1035 976 1125 1032 rum,
1147 953 1177 1020 dr
1198 955 1220 1018 li
1241 977 1339 1020 rorum
1364 957 1572 1038 legendorum,
1597 964 1627 1026 in
1650 965 1835 1046 rifitatione,

160 1071 180 1132 7
242 1043 358 1107 Possunt
380 1060 478 1106 tamen
501 1039 531 1101 in
554 1037 718 1102 Seminarro
749 1034 837 1099 eriam
872 1037 994 1114 teneri,
1036 1038 1067 1099 δι
1089 1057 1184 1100 tetum
1204 1038 1410 1121 temporalium
1426 1039 1695 1111 administratione.
1719 1049 1765 1110 sic
1785 1051 1834 1114 de·

200 1126 231 1189 δι
252 1125 357 1198 erudiri
380 1121 435 1184 fitii
459 1120 626 1196 Diuitum,
658 1116 704 1180 sed
739 1113 900 1200 sumptibus
929 1139 995 1201 pro·
1036 1117 1160 1183 cs'aravit
1181 1123 1265 1182 Sacra
1286 1125 1388 1200 Congu.
1406 1125 1513 1185 eoncit.
1538 1143 1571 1186 ut
1593 1128 1732 1191 testantur
1752 1131 1830 1196 Ven-

200 1205 292 1292 priis.
314 1203 432 1268 Concil.
455 1201 592 1266 Trident.
614 1203 665 1262 cir.
687 1211 750 1279 cap.
774 1200 820 1260 18.
1037 1198 1137 1281 trigiia
1153 1217 1218 1282 par.
1241 1221 1269 1262 2.
1292 1203 1388 1263 adnot·
1411 1221 1461 1280 29·
1482 1206 1512 1282 §.
1536 1209 1614 1270 Unic.
1636 1235 1664 1271 n.
1688 1213 1718 1271 ό.
1742 1234 1773 1289 9.
1794 1213 1835 1275 <r

160 1291 182 1356 8
247 1287 328 1352 Pueri
354 1287 381 1347 in
398 1282 561 1348 seminario
583 1277 738 1358 recipiendi
761 1280 865 1344 debent
886 1279 939 1344 esse
959 1301 995 1344 ex
1042 1301 1088 1342 ro.
1112 1280 1180 1342 Cris
1198 1281 1238 1344 in.
1260 1281 1295 1341 de
1314 1281 1424 1360 Vestrae.
1439 1301 1517 1366 pars.
1544 1307 1569 1348 ι.
1591 1289 1621 1365 §.
1635 1310 1683 1372 3¹·
1705 1315 1782 1354 num.
1805 1298 1835 1356 6.

200 1369 339 1452 legitimo
361 1363 564 1430 Matrimonio
585 1361 676 1435 nati,
707 1361 793 1425 &ad
816 1361 910 1424 minus
931 1379 996 1424 aeta·
1039 1301 1201 1427 Monaced.
1218 1378 1297 1444 part.
1324 1383 1350 1426 ι.
1374 1367 1421 1426 rit.
1437 1385 1483 1428 12.
1500 1367 1616 1444 format.
1645 1391 1669 1431 r.
1684 1395 1730 1434 nu.
1756 1392 1784 1435 1.
1806 1373 1837 1436 δι

202 1452 243 1516 tis
263 1469 408 1514 annorum
428 1444 580 1511 duodecim
601 1489 609 1516 ,
630 1442 680 1525 qui
703 1439 793 1506 scient
816 1442 934 1522 legere,
966 1442 998 1506 δι
1038 1441 1208 1518 ιῐίῐ,.ἰιιιει
1228 1465 1302 1526 quos
1323 1445 1511 1510 Eminentiss.
1534 1449 1653 1512 Cardin.
1675 1452 1832 1518 emarcui-

202 1531 323 1595 scribere
343 1545 576 1612 competenter;
607 1520 743 1588 Tonsura
763 1521 858 1586 siurim
878 1567 887 1598 ,
909 1542 998 1604 atque
1038 1545 1091 1587 nus
1111 1523 1184 1587 alias
1203 1525 1265 1588 Soc.
1288 1527 1436 1607 Congreg.
1460 1528 1576 1592 Concii.
1598 1527 1772 1599 secretarius
1804 1534 1835 1597 in

161 1676 164 1684 ,
202 1613 317 1678 Habito
327 1610 463 1677 Clericeii
474 1608 584 1692 semper
594 1621 732 1678 utantur;
756 1603 875 1668 Discunt
889 1605 995 1667 Gram·
1037 1607 1218 1687 expositione
1240 1609 1328 1671 causae
1350 1614 1382 1669 iu
1406 1611 1593 1686 Trr'carr'cenli
1610 1616 1837 1694 Administratio-

204 1693 372 1767 maticam,
395 1694 523 1756 Cautum
548 1685 795 1760 Ecclesrassicum,
817 1703 994 1768 computos,
1037 1693 1082 1749 nis
1110 1691 1263 1751 Seminmii
1298 1685 1354 1769 sub
1385 1695 1432 1750 die
1465 1712 1513 1768 ²4·
1537 1697 1641 1755 Martii
1674 1705 1762 1774 173⁶·
1785 1695 1836 1760 ubi

202 1773 331 1856 aliasque
351 1775 441 1838 bonas
462 1790 554 1847 artes,
578 1771 692 1836 Sacram
715 1769 911 1850 scripturum,
935 1768 995 1832 Do-
1041 1768 1123 1850 plura
1147 1768 1231 1833 resert
1252 1769 1366 1832 decreta
1385 1771 1420 1832 ad
1442 1791 1531 1847 rem,
1561 1775 1605 1838 uti
1627 1776 1717 1839 videri
1739 1777 1835 1858 potest

202 1857 328 1920 dirimam
351 1851 568 1918 Consesiionum
590 1850 813 1926 audiendarum,
835 1851 1000 1914 Sacramen·
1043 1851 1179 1913 intumo
1202 1871 1231 1930 7.
1251 1848 1393 1915 Thesauri
1416 1851 1592 1918 Resolutiun.
1614 1855 1702 1918 Sacra
1717 1859 1831 1938 Congr.

205 1955 304 2004 torum
327 1935 579 2000 ministrandorum
598 1975 608 2009 ,
632 1933 755 1998 Rituum
775 1975 784 2007 ,
805 1931 836 1994 ἀ
858 1933 1000 1995 Caetemo·
1041 1931 1194 1996 concilii.
2005 1985 2006 2010 ἶ

206 2020 352 2092 nicrum,
382 2015 465 2080 omni
494 2015 542 2078 die
572 2013 668 2078 Missa
696 2013 885 2091 inserviant,
915 2013 1001 2075 omni
1082 2012 1161 2076 Hinc
1192 2010 1353 2095 Episcopus
1384 2031 1498 2079 tenetur
1525 2015 1645 2081 omnino
1685 2015 1830 2100 requirere
1854 2039 1890 2084 ιι
2005 2017 2006 2052 ³

206 2097 304 2166 mense
323 2095 544 2174 confiteantur,
574 2099 605 2159 δι
626 2094 872 2170 communicent,
903 2093 1002 2158 diebus
1042 2093 1192 2158 confilium
1229 2093 1430 2177 praedisiorum
1463 2095 1672 2177 Depuratorum
1701 2098 1831 2178 respesii·

107 2205 111 2212 ’
207 2182 297 2247 Fessit
318 2177 475 2244 inserviant
495 2177 667 2244 cathedrali
690 2221 700 2254 ,
722 2173 770 2241 vel
792 2175 876 2241 alteri
902 2175 999 2239 Eccle·
1042 2198 1101 2252 ue,
1123 2174 1195 2240 usias
1215 2176 1293 2238 attus
1313 2195 1371 2237 non
1394 2175 1492 2248 vaiet,
1514 2197 1581 2238 cunr
1601 2177 1659 2242 tale
1679 2177 1831 2242 consilium

208 2263 272 2328 fia·
294 2259 409 2327 Concil.
430 2260 515 2322 Trid.
537 2263 586 2324 cir.
607 2275 671 2340 cap.
697 2257 742 2320 18.
1043 2257 1177 2320 videatur
1207 2277 1236 2319 re
1261 2257 1374 2319 uisurum
1407 2279 1424 2320 a
1457 2259 1596 2322 Concilio
1630 2277 1683 2340 pro
1711 2258 1836 2321 sorma.

168 2366 189 2429 p
251 2343 308 2406 Pro
328 2341 603 2417 administratione,
634 2341 665 2403 ἃ
687 2337 827 2418 regimine
848 2334 1001 2402 Seminarii
1042 2337 1175 2401 Silueslet
1196 2275 1277 2402 vedu.
1303 2337 1456 2414 Consslium
1477 2361 1552 2402 uum.
1578 2361 1606 2416 9.
1630 2341 1702 2418 vers.
1728 2344 1836 2422 Quum

209 2423 344 2489 saciendae
364 2423 526 2487 statuuntur
548 2440 605 2486 tres
627 2420 732 2506 species
755 2419 1000 2502 Deputaturum,
1041 2425 1195 2502 quesitum
1220 2417 1364 2500 Pignatei.
1384 2438 1449 2482 ram.
1477 2419 1641 2500 ucmfmr.
1666 2421 1732 2484 118.
1754 2446 1782 2482 n.
1805 2443 1836 2499 7.

209 2504 256 2570 seu
277 2503 517 2570 eontottomm.
548 2505 647 2567 Prima
678 2500 781 2584 species
811 2503 849 2563 esi
878 2502 1001 2564 duorum
1044 2501 1093 2564 ubi
1118 2501 1213 2565 musta
1232 2501 1268 2562 ad
1291 2522 1372 2575 rem,
1395 2501 1556 2564 Monaceis.
1577 2504 1633 2565 suco
1654 2507 1705 2564 cir.
1723 2501 1836 2580 formul.

208 2585 425 2651 canonicorum
448 2585 610 2662 seniorum,
632 2584 663 2649 &
683 2585 851 2666 graviorum
873 2583 910 2645 ab
931 2581 1002 2663 Epi·
1045 2603 1075 2663 3.
1096 2611 1124 2646 n.
1151 2604 1177 2645 r.
1200 2582 1248 2646 ubi
1270 2581 1360 2657 dicit,
1383 2583 1460 2664 quod
1482 2583 1518 2646 src
1541 2582 1569 2644 in
1592 2583 1726 2647 terminis
1746 2583 1836 2648 decla-

209 2667 297 2752 scupo
318 2666 515 2762 eligendorum
536 2686 661 2748 quorum
690 2663 841 2727 confilium
871 2662 1005 2730 adhibete
1046 2665 1124 2728 ravit
1144 2669 1219 2727 sacr.
1239 2671 1325 2748 Cung.
1348 2666 1455 2727 Crucis.
1477 2668 1507 2730 in
1528 2665 1726 2741 Salernitana,
1747 2683 1837 2745 quam

211 2749 295 2816 debet
316 2744 478 2844 Epstopur
498 2745 576 2812 circa
597 2767 660 2822 ea,
689 2765 753 2839 qua
775 2745 971 2809 vifirationem
993 2786 1003 2818 ,
1046 2743 1132 2809 resert
1153 2743 1280 2886 crispin.
1302 2747 1337 2808 de
1357 2745 1516 2844 uifiearioue
1538 2765 1612 2830 pars.
1636 2767 1663 2811 2.
1684 2747 1713 2826 §.
1737 2765 1786 2828 3¹·
1807 2771 1837 2808 u.

209 2827 791 2976 isdisfiisnzmin,sisiff‘i'is
808 2823 1007 2990 ttssssspff‘tt
1047 2827 1643 2992 ‘'d53‘'iit¹?m²⁰⁶iziiizoiii''sien„
1674 2907 1898 2991 mmm-12

210 2991 253 3056 ibi
277 3011 287 3052 t
309 2995 383 3078 ,que
403 2993 523 3066 omnia,
555 3010 638 3070 arque
658 2990 717 3050 asia
736 2987 775 3049 ad
794 2985 865 3051 hanc
883 3012 940 3050 rem
961 3005 1004 3069 op·
1047 3010 1110 3051 rum
1131 2989 1280 3053 confilium
1305 2989 1477 3073 requirere,
1511 3014 1568 3057 noo
1598 3009 1692 3054 tamen
1723 3007 1837 3053 tenetur

205 3092 340 3159 portuno,
364 3071 403 3136 <r
424 3071 570 3151 ueceffaria
592 3073 723 3156 Episcopi
737 3070 840 3156 fingusr'
859 3092 921 3132 cum
945 3093 1004 3131 con·
1046 3091 1146 3134 eorum
1168 3071 1319 3134 consrsiunr
1352 3071 1461 3150 sequi,
1493 3090 1524 3136 ut
1554 3070 1675 3134 decisum
1709 3068 1837 3134 reserunt

205 3155 271 3234 filio
291 3154 405 3216 duorum
429 3150 626 3216 canonicorum
642 3155 778 3232 seniorum
800 3197 809 3228 ,
834 3153 872 3215 (9¹
892 3156 1002 3232 graviu-
1046 3152 1168 3217 Barbosa
1190 3163 1229 3213 ad
1248 3154 1356 3216 Concil.
1371 3153 1510 3216 Tridaeit.
1530 3153 1589 3234 [eff.
1603 3173 1647 3220 ae.
1670 3151 1704 3212 de
1723 3153 1834 3230 reform.

210 3259 295 3310 eum,
338 3257 383 3296 uos
404 3233 461 3315 ipſs
478 3234 626 3314 elegerint,
646 3253 726 3314 prout
746 3235 867 3316 Spiritus
889 3233 1004 3295 sanetus
1047 3260 1107 3297 ca.
1136 3235 1182 3298 18.
1205 3261 1233 3296 n.
1255 3257 1283 3314 7,
1308 3235 1436 3297 Gonzal.
1458 3235 1497 3296 ud
1515 3236 1598 3318 regns.
1622 3235 1654 3294 8.
1676 3232 1837 3295 Curetessar.

206 3259 371 3400 juggefisrr't
390 3358 400 3390 ,
421 3313 599 3393 constituens,
619 3337 724 3397 eaque,
746 3335 776 3376 ut
791 3317 900 3398 semper·
919 3313 1004 3408 obser·
1047 3251 1147 3378 Gsoffa
1166 3323 1216 3390 46.
1240 3340 1268 3377 n.
1291 3335 1340 3392 74.
1362 3316 1530 3398 Vetttssgsia
1550 3321 1607 3377 suco
1634 3317 1683 3378 cr't.
1704 3339 1734 3377 n.
1756 3317 1786 3376 6.
1807 3313 1839 3375 &

210 3415 313 3462 uenter
333 3440 343 3471 ,
360 3393 462 3476 sepias
481 3393 650 3470 uifiraerrdo,
683 3411 790 3478 operum
810 3395 916 3457 dabunt
939 3408 1005 3459 suc.
1047 3397 1134 3461 Card.
1156 3395 1329 3462 cavarentn.
1351 3397 1407 3458 luco
1427 3402 1476 3461 cir.

211 3477 342 3546 Secunda
371 3475 476 3556 species
499 3475 742 3558 Deputarotom,
774 3475 821 3543 seu
850 3476 1005 3540 Consulto·
1087 3473 1241 3541 Seminarii
1268 3478 1426 3560 Deputati,
1450 3479 1480 3542 ἅ
1502 3473 1838 3541 aiiiOfficiases'haberrt
1863 3494 1895 3557 ¹3
2007 3521 2008 3559 ι

213 3579 278 3624 rum
299 3557 337 3623 esi
357 3555 479 3621 duorum
501 3555 592 3620 etiam
622 3557 657 3620 de
678 3559 849 3641 Capitulo,
880 3578 1005 3638 quorum
1047 3575 1152 3622 votum
1175 3556 1402 3634 consuitivum,
1433 3579 1491 3622 non
1523 3577 1619 3624 autem
1653 3554 1837 3621 decisirom.

214 3640 289 3704 alter
309 3640 347 3703 ab
369 3633 536 3722 Episcopo,
556 3637 631 3702 alter
652 3659 722 3702 vero
742 3642 779 3701 ab
800 3637 861 3722 ipso
882 3641 1005 3722 Capitu·
1046 3644 1130 3702 sacra
1149 3646 1282 3720 congreg.
1304 3641 1412 3703 Crucis.
1438 3645 1525 3703 1⁶20.
1548 3639 1622 3724 apud
1643 3635 1766 3700 Barbosu
1786 3637 1841 3696 locu

211 3722 244 3786 su
264 3721 302 3794 esi
324 3717 487 3814 eligendus.
511 3717 677 3782 Concisium
691 3721 899 3784 Tridentiouru
922 3727 1006 3785 citat,
1047 3725 1094 3783 cir.
1118 3745 1193 3782 num.
1217 3727 1244 3782 6.
1268 3721 1297 3782 δι
1319 3721 1426 3784 Aldan.
1448 3727 1477 3785 iu
1498 3720 1650 3804 compend.
1672 3721 1836 3783 canonicus.

212 3818 278 3884 cap.
304 3801 352 3864 18.
376 3796 416 3862 rui
438 3823 446 3864 ε
471 3799 562 3864 Iidem
584 3803 712 3884 Episcopi
732 3825 794 3864 cum
815 3797 921 3868 confisis
941 3801 1005 3864 duo·
1047 3803 1156 3881 refusus.
1178 3800 1229 3863 lib.
1253 3821 1283 3882 3.
1305 3805 1353 3864 tir.
1379 3803 1425 3864 18.
1448 3827 1524 3864 num.
1550 3825 1578 3864 a.

213 3905 277 3948 cunr
296 3885 332 3945 de
353 3884 514 3962 capitato,
544 3905 658 3962 quorum
687 3885 760 3946 alter
787 3881 824 3944 ab
849 3881 1004 3977 Episcopo,
1088 3881 1230 3946 Canonici
1252 3885 1309 3946 duo
1330 3882 1473 3979 eligendi,
1493 3885 1644 4027 posscpuam
1666 3878 1836 3946 suerinteie·
1863 3899 1899 3956 rs

214 3959 342 4026 chnob
363 3963 421 4043 ipso
441 3964 576 4040 capitulo
594 3964 747 4047 eligerem
777 3962 881 4028 Tertia
903 3971 1007 4046 spectes
1047 3963 1105 4041 dii,
1127 3983 1211 4027 erum
1233 3983 1364 4048 perperur
1386 4007 1396 4041 ,
1418 3984 1470 4028 nec
1503 3985 1548 4028 me
1582 3965 1724 4046 egitima,
1746 3961 1776 4024 ἅ
1797 3963 1841 4034 ju·

214 4045 254 4109 est
274 4043 399 4107 duorum
419 4041 454 4108 de
475 4043 564 4138 §sero
584 4043 757 4119 Civitatis,
787 4063 912 4128 quorum
935 4067 1007 4109 unus
1049 4047 1089 4108 ssa
1109 4044 1193 4108 causa
1214 4047 1344 4109 amoveri
1417 4045 1521 4120 siunt5
1555 4045 1605 4108 Est
1625 4059 1722 4108 autern
1756 4038 1841 4138 causa
1865 4061 1898 4122 ις

212 4124 346 4222 similiter
373 4120 608 4222 ahEprscopo,
640 4127 670 4188 dr
700 4125 774 4222 aster
807 4146 825 4189 a
854 4123 942 4220 (Jsero
969 4128 1008 4190 ess
1049 4125 1183 4208 legitima
1205 4124 1327 4192 senedius
1347 4171 1357 4204 ‚
1379 4124 1557 4211 infirmitas,
1579 4126 1610 4189 &
1633 4123 1731 4190 fimitis
1750 4123 1841 4186 aste.

216 4206 365 4289 esrgendus
386 4248 396 4269 .
419 4205 597 4270 -Concrsrum
618 4205 825 4272 Tridentinum
847 4224 924 4293 cetur.
946 4227 1006 4290 cap.
1047 4212 1206 4288 Saucmg.
1221 4214 1308 4273 Cone.
1328 4212 1359 4272 in
1379 4214 1506 4273 Crunoe.
1529 4229 1556 4286 5.
1578 4205 1726 4274 Sertembr.
1753 4207 1843 4268 1⁶02.

221 4285 268 4350 18.
291 4287 331 4351 ibi
357 4307 366 4352 t
392 4289 524 4381 'Itemque
544 4291 659 4385 duorum
679 4289 714 4384 de
735 4290 816 4385 ciero
838 4291 977 4352 Ciuitatis
991 4335 1008 4388 3
1048 4289 1302 4436 ‘guddissnmn'
1325 4307 1392 4386 rom.
1412 4313 1442 4370 9.
1465 4291 1577 4388 censuit.
1598 4275 1651 4352 81.
1672 4311 1717 4352 nu.
1740 4291 1792 4370 5⁶2
1812 4285 1844 4351 &

213 4393 329 4453 quarem
348 4368 460 4451 quedem
482 4369 594 4434 estemu
612 4369 707 4434 esessru
721 4369 852 4445 lr'mrsrrer
882 4370 921 4432 ad
943 4374 1007 4454 Epr-
1081 4371 1171 4435 arduo.
1194 4370 1368 4436 eavatchm.
1390 4373 1440 4436 suc.
1462 4394 1511 4434 cre.

212 4451 562 4614 imnum
581 4449 1011 4599 ‘truncatur
1052 4449 1844 4602 ,sturmusrturrum
1864 4449 1899 4510 ¹⁶

217 4611 291 4700 du,
319 4613 462 4680 &tertie
491 4576 594 4703 species
621 4613 773 4687 consiliaro
805 4633 917 4691 senetur
938 4613 1011 4704 Epi·
1051 4615 1141 4685 abesse
1155 4557 1230 4686 gcunr
1252 4615 1429 4705 Episcopo,
1451 4636 1511 4684 nou
1531 4615 1597 4683 suos
1615 4614 1842 4763 privunppippo

1732 4717 1742 4761 ι
