4008 5258
473 121 1528 238 snorcrr-rcrunc·
1623 183 1707 272 243

154 273 215 348 nis,
235 265 282 333 rel
303 261 416 330 seminis
429 261 575 340 humani,
596 261 720 338 illicita,
745 263 779 324 δι’
797 260 935 336 notoria,

153 351 294 435 sepultura
314 345 580 416 excommunicati,
602 343 648 409 rel
669 365 726 408 non
742 341 883 425 baptizati
907 344 937 404 in
1141 344 1305 408 additiones
1321 365 1355 407 ere
1377 345 1470 408 aliena
1489 371 1590 413 mente.
1666 359 1672 366 '

151 437 230 496 Luco
251 427 346 490 sacro.
370 427 446 490 leem
469 425 659 505 sacrilegium
674 425 777 489 lucale
798 423 934 486 commit·
1548 471 1551 476 -

151 517 221 577 titur
241 529 290 589 per
312 507 474 570 violentam
496 507 845 570 eeteauionemlreorurn
867 504 935 567 elo·
1019 504 1186 570 Sirioletur
1204 519 1256 589 per
1275 523 1423 590 peccatum
1435 507 1538 571 Carnis
1550 509 1677 573 Persona
1694 512 1751 592 sper
1781 538 1817 579 10

151 613 183 654 eo
202 591 379 670 Sacro,per
402 583 636 670 ailus-profanos
654 631 663 664 ,
682 589 712 649 ue
734 585 854 648 illicitur
874 629 882 661 ,
904 586 935 648 δι
975 586 1087 650 cialiter
1104 586 1265 651 consecrata
1288 588 1379 663 Deo,
1415 588 1501 652 habet
1528 607 1676 671 peccatum
1706 593 1760 656 hoc

154 685 341 750 repugnantes
363 661 555 733 l'mmunita‘ti·
574 667 769 731 Ecclesiastico
793 667 935 730 exercitos
977 670 1116 731 rationem
1137 666 1233 732 sacrile
1253 668 1292 740 ii,
1314 668 1505 747 inquantum
1528 671 1564 733 est
1586 670 1765 736 violatierel

147 751 176 813 in
199 749 272 812 locis
293 746 394 824 sacris,
418 765 450 812 ur
473 749 537 813 sunt
558 749 793 831 negotiationes,
818 745 931 809 seditio·
974 747 1074 822 sacra,
1098 689 1252 812 scilicet?
1272 748 1385 812 cialiter
1407 748 1574 813 consecrata
1598 749 1684 815 Deo,

146 849 222 902 ner,
244 829 341 891 illiciti
363 831 584 894 concubitus&
606 828 777 910 spurcities,
807 829 935 890 Conirlia
1017 826 1225 901 Hujusrnodie
1269 826 1508 891 fornicatiocum
1525 831 1672 902 Moniali,
1695 853 1758 916 qua
1782 855 1818 898 nu

146 909 307 986 saecularia,
331 910 531 974 stabulationer
545 929 703 989 equorum,
727 908 874 982 incendia,
897 907 934 972 es·
976 913 1036 984 jure
1058 908 1145 973 etiam
1168 907 1250 972 ciuili
1272 953 1280 982 ,
1305 910 1347 972 uri
1368 903 1567 990 gravislimum
1590 910 1723 975 delislum
1752 960 1761 990 ,

146 989 318 1066 sraffioueo,
343 990 546 1073 spoliationes,
570 1007 735 1053 mercatura
757 1033 765 1063 ‚
788 990 818 1051 δι
840 987 933 1060 huius-
977 1009 1063 1072 poena
1085 990 1188 1054 mortis
1211 989 1356 1071 punitur.
1385 990 1562 1066 Huiusmodi
1579 1011 1693 1072 quoque
1723 996 1761 1060 eil

145 1071 261 1136 modi.
293 1073 368 1133 ltenr
389 1071 574 1149 saerilegium
598 1070 932 1134 locale‘commirtitur
974 1071 1127 1135 fornicatio
1148 1069 1297 1134 commissa
1318 1071 1355 1133 ab
1375 1091 1432 1147 eo,
1467 1071 1517 1155 qui
1551 1073 1650 1136 ordine
1684 1071 1763 1138 sacro

145 1172 197 1236 per
218 1151 344 1228 suctum,
367 1154 444 1232 quod
464 1153 637 1232 Sacrilegum
660 1149 930 1216 evadittribusmu-
974 1152 1192 1224 somniatus,
1223 1171 1285 1232 quae
1306 1154 1367 1222 jure
1398 1153 1586 1232 antiquorum
1606 1153 1761 1219 Carnorum

146 1235 212 1295 dis.
236 1233 335 1297 Primo
356 1253 461 1317 nempe
478 1254 549 1296 cum·
565 1233 630 1314 quis
650 1230 880 1295 furaturieertem
899 1231 933 1293 de
973 1232 1144 1318 puniebatur
1173 1251 1239 1295 cena
1288 1249 1393 1314 rperuae
1413 1233 1597 1312 depositionis
1619 1233 1656 1295 ab
1677 1234 1759 1297 omni

145 1319 246 1391 Sacro,
271 1315 338 1378 idest
360 1335 418 1376 rem
441 1313 574 1386 sectam,
599 1329 630 1374 ut
651 1312 780 1376 Calicem
801 1357 811 1388 ,
833 1312 930 1375 Plane·
973 1313 1132 1379 minislerio
1197 1310 1239 1376 cle
1261 1333 1284 1373 a
1302 1356 1315 1374 .
1334 1313 1491 1387 Quomodo
1513 1334 1582 1376 vero
1606 1313 1690 1378 hodie
1712 1337 1761 1398 pu·

144 1413 237 1471 tam,
261 1393 399 1477 Pyxidem
420 1439 429 1472 ,
451 1397 482 1459 δι
502 1393 664 1468 hujusmodi
688 1394 716 1454 in
741 1396 806 1457 loco
827 1392 932 1456 sacro.
976 1396 1088 1470 niatur,
1112 1394 1266 1477 petendum
1280 1414 1314 1455 ert
1323 1393 1447 1458 Concilio
1456 1393 1619 1456 Tridentino
1634 1395 1698 1474 Jeff.
1712 1417 1760 1475 25.
1791 1455 1794 1462 ,

142 1476 275 1538 Secundo
295 1497 359 1539 cum
383 1479 448 1558 quit
483 1477 592 1538 iuratur
613 1479 675 1537 Noe
696 1479 808 1536 Sacrum
830 1473 863 1534 de
884 1478 933 1534 Sn-
975 1499 999 1538 c.
1026 1495 1072 1550 14·
1092 1478 1127 1537 de
1148 1473 1352 1554 Reiorum&
1386 1471 1456 1537 alibi
1487 1474 1574 1539 etiam
1606 1473 1713 1539 dicium
1745 1497 1767 1540 a·

143 1579 205 1634 ero,
231 1556 296 1620 ldell
318 1579 375 1624 rem
400 1555 547 1639 profanam
571 1577 629 1620 non
645 1555 771 1630 sacram,
795 1571 828 1616 ur
849 1573 929 1635 pecu·
974 1555 1057 1619 nobie
1078 1557 1137 1621 esi.

141 1637 224 1698 niam
242 1682 255 1712 ,-
271 1657 321 1704 aut
341 1639 431 1703 aliam
450 1659 509 1702 rem
533 1640 566 1700 in
585 1635 742 1700 locosacro·
760 1635 930 1717 repositam.
1015 1637 1090 1700 lllud
1111 1659 1179 1704 vero
1202 1637 1249 1702 bic
1270 1657 1333 1701 nou
1350 1635 1543 1702 omittendum
1564 1680 1579 1712 ,.
1596 1636 1687 1701 adbuc
1708 1638 1757 1702 bo·
1783 1658 1823 1700 aa

141 1718 266 1794 Tertio,
289 1741 355 1783 curn
377 1720 440 1801 quis
459 1719 569 1784 furatur
591 1725 703 1782 Sauum
725 1719 759 1778 de
770 1741 823 1780 nnn
835 1723 932 1790 Serre,
974 1717 1020 1782 die
1030 1719 1228 1802 deponendum
1239 1717 1419 1782 Sacerdotem
1433 1717 1652 1800 cognoscentem
1667 1717 1758 1782 siliatn

142 1797 210 1862 idest
235 1820 293 1861 rem
316 1800 444 1876 sacram,
467 1819 499 1863 ur
523 1802 663 1883 Pytidem
686 1845 694 1876 ,
717 1798 848 1864 Calicem
872 1844 881 1874 ,
904 1799 934 1860 δι
976 1798 1052 1862 suam
1076 1800 1272 1884 spiritualem,
1296 1797 1341 1862 rel
1364 1819 1456 1873 eam,
1477 1819 1540 1878 qua
1562 1816 1679 1882 propter
1697 1818 1756 1880 pun

140 1875 308 1954 hujusmodi
331 1882 359 1944 itt
384 1883 449 1946 loco
471 1903 528 1945 non
548 1882 642 1958 sacro,
666 1880 931 1958 scilicetextraEc·
975 1882 1127 1945 nitentium
1151 1878 1251 1945 enecta
1269 1879 1322 1942 suit
1343 1879 1405 1943 filia
1424 1878 1606 1963 spiritualis,
1639 1879 1685 1944 vel
1709 1880 1759 1942 ra

141 1959 275 2036 clesram,
298 1980 380 2026 tertru
401 1963 564 2045 enpress'uin
577 1983 635 2046 cap.
648 1966 785 2048 Quisquis
798 1983 844 2026 21.
856 1963 930 2040 enus.
974 1960 1145 2026 rochianam‘
1165 1961 1268 2036 suam,
1285 1977 1316 2023 ttr
1340 1962 1427 2042 probe
1451 1959 1564 2022 monuit
1584 1960 1710 2042 Zypoeus
1729 1962 1760 2022 r'n

145 2061 191 2115 17.
204 2065 235 2122 q.
246 2065 276 2120 4.
289 2045 337 2106 ubi
359 2067 395 2108 er
416 2043 631 2107 rerbisSummi
644 2044 792 2108 Pontificio
811 2042 930 2116 loannis
967 2046 1029 2127 jure
1059 2069 1128 2108 novo
1158 2043 1192 2104 de
1221 2039 1382 2105 cohabitat.
1404 2043 1506 2104 cleric.
1528 2063 1604 2100 nent.
1630 2064 1675 2126 ro,
1707 2041 1757 2103 ubi

140 2123 285 2186 Vlll.src
306 2124 417 2204 praecisc
439 2126 577 2188 habetur:
598 2127 739 2189 Similiter
748 2126 929 2206 saerilegium
970 2123 1047 2200 quod
1071 2127 1145 2188 idem
1168 2125 1302 2205 procedat
1325 2122 1352 2182 ln
1368 2121 1518 2200 Religiosrs
1532 2119 1757 2184 fornicantibus.

142 2209 326 2266 committitur
346 2205 490 2282 auferendo
510 2213 623 2268 Sacrum
642 2209 678 2269 de
697 2211 798 2280 iacto,
820 2209 868 2266 oei
880 2231 931 2266 non
973 2205 1069 2266 Ratio
1085 2209 1122 2268 esl
1145 2247 1154 2278 ,
1174 2207 1250 2283 quod
1273 2222 1359 2282 pcena
1380 2197 1488 2263 inflicla
1507 2203 1664 2262 reconcilio
1687 2206 1752 2264 Tri·
1779 2221 1820 2284 13

143 2289 259 2349 Snerum
279 2285 314 2345 de
334 2291 429 2360 Sacro,
447 2286 508 2362 five
528 2293 642 2350 Sacrum
662 2288 696 2348 cle
717 2311 767 2348 nnn
787 2291 890 2347 sacre.
972 2285 1090 2345 &arene
1104 2285 1198 2346 locum
1236 2281 1315 2344 haud
1338 2281 1442 2343 lrabeat
1468 2279 1562 2360 quoad
1592 2277 1757 2344 fornicario-

103 2365 129 2426 8
188 2365 373 2446 Sacrilegium
393 2389 538 2450 exgenere
561 2368 610 2432 suo
628 2369 665 2431 eil
689 2383 841 2449 peccatum
855 2383 929 2426 rnor-
974 2383 1040 2426 nem
1063 2362 1171 2424 Clerici
1195 2361 1362 2435 adjunslam
1381 2361 1538 2425 habeatem
1558 2357 1685 2440 aliquant
1705 2361 1760 2423 cir·

144 2443 233 2523 tale,
266 2449 316 2509 nisi
338 2447 448 2512 excuset
467 2449 595 2529 parvitas
617 2493 626 2523 ,
651 2446 694 2510 seu
717 2448 821 2511 levitas
842 2461 930 2509 mare·
971 2443 1175 2508 cumslant'ram
1198 2456 1428 2523 aggravantem·.

144 2525 213 2600 riae,
235 2544 284 2588 aut
306 2527 543 2602 inadvertenna,
566 2531 599 2592 δι’
618 2529 810 2590 indeliberata
828 2527 929 2590 volun-

144 2621 210 2677 νᾶες
233 2611 423 2668 Communir.
457 2609 497 2669 Et
517 2625 576 2689 quo
597 2610 638 2670 ad
664 2609 790 2690 primam
820 2624 929 2690 partem

143 2686 219 2750 clare
239 2703 348 2782 paret,
378 2689 448 2766 quia
468 2689 655 2770 sacrilegium
686 2711 722 2752 en
750 2707 850 2766 genere
881 2688 930 2748 stro
1112 2710 1340 2784 mmm,
1373 2707 1617 2775 spemn-pp·

142 2784 302 2848 opponrtur
323 2769 450 2846 grunitu
466 2769 720 2832 Excellentiilrma
739 2767 854 2830 Virtuti
876 2768 929 2828 Re-

143 2847 291 2928 ligionir;
325 2848 414 2913 Unde*
437 2871 523 2914 nemo
554 2850 667 2912 dubitat
698 2849 750 2912 esse
779 2865 929 2930 peccatum
972 2875 1761 2898 --·------·-···--·--—

144 2929 297 3004 mortale,
319 2949 385 2992 cum
407 2930 594 3008 Sacrilegium
619 2931 651 2992 sit
674 2930 702 2990 in
724 2948 841 3007 gravem
862 2947 929 2988 corr·

974 2604 1762 2634 -nu—-W-

142 3025 294 3090 temptum
315 3010 467 3086 Personae,
491 3008 537 3072 seu
559 3010 637 3084 Rei,
660 3026 709 3070 aut
733 3007 804 3068 Loci
825 3005 933 3068 Sacri.
974 3007 1082 3148 AD
1097 3005 1220 3071 Sacrisiae
1239 3005 1379 3070 Officium
1402 3008 1526 3086 pertinet
1556 3009 1683 3071 culludio·
1701 3010 1750 3071 Sa·
1777 3029 1794 3073 r

143 3091 268 3164 Quoad
290 3088 438 3153 secundam
463 3089 551 3155 eriam
613 3108 685 3153 rtem
709 3088 783 3150 clare
804 3087 932 3162 conslat,
1067 3109 1181 3152 crorum
1204 3087 1363 3163 Vesorum,
1385 3089 1755 3154 vestimentorumEccle-

144 3171 214 3248 quia
236 3171 313 3234 sicuti
336 3173 487 3254 parvitas,
521 3171 551 3233 or
584 3170 679 3233 eritao
697 3167 824 3232 materia
844 3214 854 3246 ,
877 3185 927 3231 aut
969 3167 1166 3245 stasiicorem,
1202 3167 1246 3232 seu
1267 3168 1365 3231 totino
1380 3167 1519 3232 Thesauri
1541 3169 1760 3245 Ecclesuslici,

146 3251 374 3326 itrudvertentia,
396 3253 427 3316 ἃ
448 3251 637 3314 indeliberata
656 3249 790 3316 voluntas
812 3248 927 3313 excusat
968 3269 1095 3314 necnon
1115 3269 1178 3330 qua
1200 3249 1240 3311 ad'
1260 3249 1414 3313 luminatia
1439 3249 1610 3332 pertinent,
1632 3249 1688 3312 stre
1711 3251 1753 3310 in·

144 3347 164 3389 a
187 3329 304 3391 mortali
326 3333 353 3392 in
375 3333 442 3394 aliie
461 3331 620 3394 allionibrrs
640 3332 863 3414 pecca-minoio,
886 3331 928 3392 ita
968 3346 1064 3405 certa,
1087 3331 1143 3394 srva
1162 3332 1195 3391 in
1211 3329 1276 3392 oleo
1296 3374 1304 3390 .
1324 3332 1423 3392 reatu
1440 3331 1565 3414 expresso
1587 3333 1616 3392 in
1635 3342 1694 3411 cap.
1715 3335 1757 3392 Ur

144 3407 236 3472 eriam
276 3411 304 3469 in
337 3410 495 3475 allionibus
528 3411 701 3494 saerilegisr
737 3412 821 3476 Unde
851 3411 925 3494 apud
962 3413 1037 3490 sciet
1058 3414 1158 3486 unice,
1178 3410 1327 3488 deOfficio
1348 3410 1485 3489 Smilla.

143 3507 248 3570 omnes
268 3507 382 3553 cerrum·
400 3493 456 3569 esl,
479 3491 663 3574 Sacnlegium
686 3493 737 3558 elle
758 3490 848 3554 solum
860 3511 923 3575 pec·
1006 3489 1131 3554 Sacrisla
1150 3491 1277 3566 Capella
1300 3491 1403 3553 Palatii
1427 3491 1594 3573 superenne
1610 3489 1749 3553 Officium
1773 3509 1796 3554 τ

142 3586 243 3632 catum
267 3571 403 3647 veniale,
437 3593 501 3635 curn
524 3571 627 3637 secluso
649 3589 820 3653 contemptu
842 3617 851 3648 ,
875 3591 925 3635 ant
964 3573 1005 3635 ab
1023 3570 1249 3635 immemorabili
1268 3589 1399 3654 tempore
1413 3572 1486 3634 circa
1507 3570 1756 3636 attentaturum

141 3650 276 3713 scandalo
297 3651 331 3715 fit
353 3652 448 3735 aliqua
468 3653 540 3718 lenia
559 3655 688 3730 injuria,
719 3654 926 3730 irreverentia,
969 3655 1022 3716 bus
1043 3651 1242 3716 Eremirartrm
1274 3654 1304 3714 S.
1326 3653 1482 3734 Auguslin'r
1510 3651 1659 3714 contrnitri
1689 3673 1756 3714 cum

142 3749 196 3793 aur
218 3731 405 3798 inhonoratio
428 3735 586 3810 Persona,
613 3734 659 3800 seu
681 3736 763 3812 Rei,
785 3751 835 3799 aut
856 3735 926 3798 Luci
970 3732 1079 3808 suerit,
1101 3734 1132 3795 ἁ
1153 3732 1287 3815 deinceps
1307 3732 1453 3795 committi
1474 3732 1579 3796 debere·
1595 3733 1724 3798 concedit
1741 3775 1779 3806 ,.
1818 3801 1829 3807 ,

141 3809 236 3887 sacri,
257 3814 288 3875 ἃ
312 3814 366 3879 hoc
386 3834 504 3902 propter
526 3817 700 3898 parvitatem
723 3815 859 3890 materia,
882 3815 927 3878 seu
968 3811 1248 3893 commilitonesque
1277 3812 1362 3877 aliter
1394 3811 1479 3875 fartae
1508 3812 1603 3881 irritae
1626 3812 1757 3876 Alexam
1882 3817 1889 3824 “

141 3893 354 3975 irreverentia,
374 3899 405 3960 ἃ
425 3898 535 3970 injuria
553 3898 711 3960 committa
730 3922 743 3971 ‚·
765 3895 857 3960 Sicuti
877 3917 926 3979 pa
968 3896 1017 3959 der
1031 3894 1200 3958 VLConsl.
1212 3916 1238 3974 5.
1252 3893 1340 3976 incip.
1350 3893 1398 3954 Ad
1410 3899 1530 3956 Sacrum

105 4043 108 4050 ¹
141 3971 213 4034 riter
233 3994 335 4040 amnes
352 3981 511 4042 concedunt
534 3978 585 4041 esse
603 3977 695 4042 solum
718 3994 926 4061 peccatumve
1008 3976 1127 4038 Sacrisla
1147 3973 1305 4038 conclavis
1325 3973 1428 4056 gaudet
1448 3974 1579 4056 gratiis,
1611 3975 1642 4038 ἃ
1663 3974 1797 4058 puri-3

141 4052 238 4129 aiala,
260 4057 291 4118 a
311 4061 490 4142 quandoque·
506 4057 635 4133 nullum,
659 4059 678 4120 si
700 4058 823 4133 injuria,
845 4058 924 4120 &ir-
967 4057 1052 4138 legiis
1068 4054 1317 4122 Conclavislaruru
1337 4101 1346 4119 .
1368 4055 1507 4118 Clemens
1524 4055 1616 4118 Vlll.
1636 4055 1751 4134 euellit.

140 4137 303 4198 nveremia
322 4137 397 4200 seila
418 4141 564 4215 Persona,
587 4141 641 4203 Rei
664 4183 673 4213 ,
705 4157 753 4201 aut
776 4140 854 4200 Loco
876 4139 923 4199 Sa
969 4143 1016 4199 ro.
1036 4139 1065 4214 §.
1089 4158 1134 4212 14

138 4234 210 4290 cro,
233 4215 266 4278 stt
286 4239 321 4281 ert
344 4221 573 4295 inadvertentia,
598 4219 853 4298 indeliberarionc,
874 4233 924 4282 aut
1006 4217 1158 4290 Sacrillae,
1191 4215 1239 4280 seu
1259 4215 1383 4280 narem
1404 4217 1595 4281 Ecclesratum
1626 4216 1749 4299 Regula·
1771 4237 1798 4292 4

138 4294 306 4376 ignorantia
330 4300 516 4364 invincibili.
968 4299 1043 4360 tium
1066 4297 1201 4377 adilringi
1233 4297 1344 4380 possunt
1373 4298 1409 4359 ad
1438 4317 1497 4362 non
1529 4296 1753 4380 permittendum

102 4399 120 4456 9
185 4377 259 4440 Alia
278 4380 313 4443 ad
334 4401 415 4444 rem.
437 4382 518 4445 Vide
534 4382 613 4447 verb.
629 4381 747 4454 Ecclera
767 4397 820 4448 err.
843 4379 925 4460 4&
969 4380 999 4441 iu
1020 4380 1061 4442 eis
1080 4377 1302 4441 celebrationem
1324 4378 1511 4442 Sacerdotem
1540 4377 1756 4453 secularium,

138 4457 538 4550 uctbdurrerietegpnpmd
556 4484 609 4547 3²·
966 4458 1025 4522 nisi
1048 4458 1180 4526 exhibita
1206 4457 1360 4521 &linarii
1383 4457 1501 4522 licentia
1523 4463 1652 4522 ,mera
1677 4463 1751 4519 Gert-

661 4535 670 4546 '
924 4561 926 4572 ·
966 4545 1090 4622 gregario
1119 4540 1228 4606 Cottii.
1271 4541 1301 4604 in
1341 4541 1523 4624 Neapolitana
1560 4558 1605 4618 ¹7·
1636 4535 1753 4618 Aegusb'

972 4625 1064 4700 1⁶3⁰·

1626 4697 1716 4762 Sacri·
