3996 5266
596 111 1410 206 s'PONSALIA,
1543 15 1728 231 s¹459

173 231 289 302 misum
310 233 368 310 tll,
389 233 412 295 s.
436 233 500 294 Non
519 249 549 293 to
566 233 660 296 minrtr
692 249 740 310 tq.
771 229 806 292 de
835 227 963 293 Puc'un-
1000 225 1215 310 pedimentum,
1315 231 1454 308 censuram
1486 227 1699 309 Etcsrſsallitam
1729 255 1789 294 cru·

174 315 296 382 Μῶα..
801 335 804 342 ·
1005 311 1109 371 trabere
1130 310 1329 405 compeliatur.
1359 307 1506 384 Quamvis
1535 325 1633 376 tatneu
1663 331 1720 375 non
1755 309 1790 374 st

1 381 3 410 '
116 419 156 482 ¹9
221 393 372 480 Impubes,
392 392 529 476 quamvis
550 413 585 459 et
606 391 690 456 utute
750 389 817 468 siit,
837 411 905 456 eum
927 391 963 455 ad
1004 389 1205 488 improbabilis
1223 387 1356 476 opposita
1384 387 1536 452 sententia·
1560 403 1653 476 propo
1694 409 1790 457 ataa

174 483 356 564 pubertatem
378 472 541 558 peruenerit
561 517 571 551 ‚
594 495 612 536 a
633 471 810 556 sponalibus
841 471 962 550 sessim,
1003 469 1184 542 Rerssensluel
1205 472 1262 534 loto
1281 469 1383 533 cia&
1403 468 1439 534 ab
1468 467 1535 532 aliis
1564 471 1600 532 ab
1629 471 1691 554 ipo
1720 473 1789 537 alle·

1 558 2 569 ’
43 621 47 631 Α
174 578 271 627 samm
306 555 393 619 debet
422 556 517 618 tlatinr
559 555 738 638 pubertatem
780 553 899 636 adeptus
935 554 964 616 id
1005 553 1098 636 gatis.
1582 561 1585 596 ¹

173 639 286 712 sacere,
309 635 556 719 alioquinpollea
577 654 633 706 non
654 634 765 719 poterit
794 677 805 711 ‚
836 635 907 716 quia
926 655 964 701 ert
1044 631 1196 715 sponsalia
1214 632 1249 697 de
1269 628 1419 774 prasenti,
1442 627 1489 694 seu
1509 627 1739 696 Matrimonium
1751 631 1788 694 ab
1810 658 1849 708 η

171 741 234 802 qno
265 737 323 779 non
354 715 450 778 slarim
480 716 690 792 contradixit,
724 715 851 779 censetur
873 716 962 780 tacite
1003 713 1200 796 impuberibus
1220 713 1338 777 uolitet
1358 713 1535 775 contrabium
1567 711 1645 776 valet
1673 712 1704 773 in
1725 712 1788 774 vitu

174 795 316 885 sponsalia
336 793 497 872 ratificare,
521 796 674 878 presertim
698 795 960 878 sssponfiaromen
1002 794 1208 876 sponsaliorum
1219 819 1233 868 ;
1255 793 1302 858 seu
1322 791 1442 866 transit,
1464 783 1789 872 &resolviturinspon-

175 880 268 945 adbuc
288 877 437 961 patiatur,
460 893 509 940 aut
529 875 760 946 familiarittlem
794 877 962 954 continuat,
1003 876 1128 938 iuliade
1148 872 1269 939 sutoro.
1290 873 1790 938 Videretb.Marrimoniumarr.2.

173 962 223 1029 nel
245 977 363 1022 munera
383 957 462 1035 det,
494 975 545 1020 aut
579 956 724 1041 recipist,
745 959 910 1022 Covarruv.
931 960 963 1021 in
1002 958 1151 1020 nomas.
1542 971 1546 980 ·

176 1043 230 1104 sib·
249 1061 281 1114 4.
302 1039 441 1100 Decreral.
460 1053 538 1116 patr.
564 1059 590 1099 r.
612 1057 673 1122 cap.
698 1057 726 1116 5.
747 1040 776 1115 §.
802 1059 827 1100 r.
847 1059 962 1102 numa.
1043 1035 1276 1102 Matrimonium
1298 1052 1394 1102 autem
1417 1033 1532 1100 nullutn
1563 1057 1597 1099 er
1631 1033 1729 1120 aliquo
1749 1033 1788 1099 es·
1812 1059 1848 1122 ²3

175 1119 270 1202 Engel
291 1118 344 1182 lib.
365 1141 396 1196 4.
421 1118 558 1182 Demetai.-
579 1122 626 1179 tit.
651 1141 678 1181 a.
699 1117 962 1183 n.b.lleissensluel
1004 1116 1116 1183 sentiali
1147 1115 1257 1183 deseslu
1277 1135 1348 1206 ,put
1377 1115 1554 1200 celebratum
1585 1116 1641 1180 sine
1671 1117 1790 1257 proprio

175 1203 248 1269 ibid:
266 1225 294 1263 n.
322 1220 368 1280 ις.
392 1199 510 1282 bitbing
529 1198 602 1263 ibid.
625 1199 698 1262 ibid.
719 1223 747 1261 n.
769 1219 798 1276 7.
807 1199 921 1262 notabis.
935 1221 963 1263 a.
1006 1198 1154 1275 Parocho,
1176 1220 1235 1261 nort
1256 1197 1410 1267 resoluitur
1430 1197 1460 1258 itt
1481 1195 1622 1280 sponsalia
1649 1196 1684 1260 de
1728 1213 1792 1261 utu·

182 1281 475 1364 sanctauocirmp.
500 1301 599 1360 51.n.
625 1299 672 1358 ις.
700 1279 730 1342 tr
760 1279 812 1342 alii
841 1277 965 1375 passima
1005 1301 1067 1356 ro,
1096 1279 1207 1343 etiarnsi
1228 1275 1322 1344 secuta
1342 1277 1376 1344 fi't
1405 1298 1440 1340 co
1463 1277 1511 1342 ola
1540 1277 1569 1340 io
1600 1275 1691 1358 ligura
1721 1277 1790 1339 Ma·

179 1364 286 1428 Statim
316 1377 414 1425 autem
444 1362 550 1424 dicitur
580 1359 711 1435 refilire,
745 1360 899 1436 beirctter
919 1360 963 1422 in·
1004 1360 1157 1425 trimonii.
1179 1359 1256 1424 Vide
1286 1359 1355 1423 diti.
1389 1377 1469 1429 stt.
1500 1361 1716 1424 Matrimonium
1735 1373 1789 1420 art.

179 1463 226 1510 tta
246 1440 375 1508 triduum
399 1441 519 1515 rebliat,
542 1439 588 1503 seu
610 1439 789 1503 contradicat
812 1484 821 1516 ‚
843 1443 911 1522 quia
933 1442 962 1512 ln
1005 1463 1033 1504 2.
1054 1463 1130 1504 nam.
1155 1461 1183 1504 2.
1207 1441 1246 1504 Φ
1269 1460 1298 1520 3.
1432 1456 1436 1509 l
1641 1447 1645 1460 '
1778 1447 1781 1454 ’

179 1531 240 1600 jure
260 1522 366 1586 dieitur
388 1523 416 1584 in
449 1521 611 1582 continenti
648 1520 758 1600 aliquid
781 1519 861 1596 beri,
882 1507 962 1603 quod
1045 1523 1096 1586 nd
1116 1519 1284 1586 valorems
1319 1518 1440 1585 nsalium
1462 1541 1521 1587 uon
1543 1520 1699 1602 requiritur
1720 1539 1789 1604 pror·
1811 1542 1852 1600 ²4

179 1593 257 1670 intral
277 1603 427 1676 triduum,
450 1600 495 1664 seu
516 1601 614 1662 triduo
635 1601 770 1682 proximo
788 1599 843 1663 stt:
866 1603 961 1666 usia
1003 1601 1093 1666 sentia
1112 1601 1254 1678 Paroclri,
1327 1603 1473 1666 testium.
1494 1605 1656 1666 Communis
1683 1611 1718 1664 ur
1737 1623 1792 1666 cer-

175 1690 272 1749 sentiis
293 1704 321 1763 3.
342 1685 413 1745 cad.
434 1681 469 1742 de
489 1701 572 1742 enare
584 1682 806 1756 adunaturam,
830 1681 894 1744 ibi:
918 1687 963 1745 b'rr
1002 1701 1052 1758 ta,
1074 1684 1109 1746 sic
1131 1681 1210 1746 enim
1231 1681 1337 1764 pluries
1356 1681 1514 1750 declaravit
1527 1688 1789 1764 sacraCongregat.

176 1767 343 1836 continenti,
365 1761 433 1839 idest
452 1761 544 1825 triduo
559 1767 684 1844 prosimu
704 1761 917 1841 contradisiffe,
938 1767 960 1825 s.
1002 1763 1137 1837 Consilii,
1162 1762 1356 1827 obtestantur
1387 1763 1515 1828 Sauchez
1545 1763 1580 1824 de
1608 1765 1792 1828 Matrimonia

176 1854 250 1909 Cum
263 1845 381 1927 speciosi
408 1843 758 1923 18.de]udiciis,ibi:
793 1844 874 1907 issico
911 1866 960 1904 au-
1001 1843 1053 1906 sr'b.
1080 1865 1107 1906 t.
1127 1843 1232 1924 disput.
1259 1855 1307 1906 12.
1328 1868 1357 1906 n.
1382 1865 1410 1907 2.
1432 1839 1614 1908 Reiffensoet
1635 1843 1689 1905 socr
1702 1847 1791 1907 sinn.

175 1949 249 2001 rem,
272 1926 340 2005 idel!
358 1928 435 1990 intra
454 1923 577 1988 triduum
592 1927 750 2007 monimum
771 1923 826 2003 bne
844 1924 904 1986 assa
917 1925 961 1986 di·
1004 1945 1052 1988 22.
1073 1924 1105 1987 bt
1125 1923 1196 1986 alii.
1219 1922 1295 1986 Vide
1316 1923 1486 1988 iustarum.
1513 1941 1580 2002 139.

175 2011 295 2070 satione.
747 2043 749 2052 ι
1042 2007 1119 2069 ltem
1141 2005 1178 2067 ad
1198 2003 1327 2069 valorem
1354 2002 1528 2087 sponsalium
1550 2021 1608 2067 non
1631 2002 1788 2085 requiritur
1811 2023 1849 2088 ²5

117 2108 157 2149 ao
217 2088 352 2154 Facultas
384 2085 521 2152 resiliendi
553 2109 570 2151 a
600 2086 773 2171 sponsalibus
802 2085 957 2171 impuberi·
1000 2084 1175 2163 cousensus,
1196 2102 1245 2150 aut
1267 2083 1416 2149 confilium
1438 2100 1624 2165 pareutum,
1659 2103 1711 2148 aut
1742 2104 1792 2148 oo·

175 2172 264 2234 busa
284 2173 345 2242 iure
373 2167 499 2231 concessa
519 2169 579 2250 post
609 2169 742 2252 adeptam
777 2169 960 2251 pubertatem
1003 2187 1088 2241 turn,
1108 2165 1158 2228 sub
1178 2185 1301 2244 quorum
1323 2185 1393 2230 eura
1407 2163 1539 2230 exiliunt
1562 2161 1702 2246 sponsalia
1722 2185 1790 2250 con-

175 2251 266 2313 habet
284 2250 400 2324 locum,
422 2265 482 2311 tatu
504 2249 533 2311 in
556 2249 620 2312 soto
642 2252 787 2322 interno,
815 2266 907 2327 quarn
930 2246 962 2309 in
1002 2245 1177 2311 trabentes.
1201 2248 1389 2324 Communis,
1422 2267 1481 2324 arg.
1512 2253 1575 2327 rap.
1602 2245 1728 2322 Sufficiat
1761 2266 1790 2310 2.
1911 2259 1916 2264 ·

174 2329 240 2393 soro
261 2348 400 2405 esterno,
424 2329 465 2392 ita
485 2346 518 2392 ut
539 2350 573 2392 et
594 2329 658 2394 solo
678 2328 833 2412 impuberis
842 2325 960 2390 dissensu
1000 2329 1075 2407 caus.
1090 2347 1148 2406 ῃ.
1169 2324 1259 2406 quali.
1284 2347 1310 2387 2.
1332 2327 1396 2391 ibi:
1418 2324 1544 2402 Sufficiat
1564 2329 1652 2388 iurum
1684 2327 1790 2406 consen-

173 2411 237 2492 posi
257 2413 389 2492 adeptam
413 2410 592 2504 pubertatem
614 2410 717 2491 absque
737 2411 796 2472 alia
827 2405 909 2471 causa
930 2408 959 2469 in
995 2405 1111 2488 Jursde
1130 2407 1500 2490 quarumfrsnjunslionibur
1527 2411 1640 2486 agitur,
1663 2407 1694 2470 bt
1722 2425 1791 2470 ton·

177 2510 299 2572 utroque
318 2491 382 2554 soro
404 2489 483 2554 licite
503 2489 615 2555 dissolui
647 2489 751 2574 possint
786 2485 961 2570 sponsalia,·
1003 2491 1102 2552 cordat
1123 2507 1182 2570 rap.
1202 2491 1313 2556 Venient
1336 2510 1382 2552 12.
1397 2487 1630 2570 desponsaliburr
1651 2488 1681 2550 dt
1695 2488 1790 2550 Cone.

175 2572 226 2643 Jus
246 2572 324 2635 enim
346 2569 493 2634 consulare
530 2570 626 2635 voluit
647 2575 825 2644 immaturo,
847 2570 878 2632 bt
899 2589 960 2632 mu·
1002 2569 1086 2631 Trid.
1104 2571 1168 2650 suff.
1192 2590 1240 2644 24.
1269 2568 1305 2629 de
1332 2573 1441 2650 reform.
1473 2571 1650 2631 Matrimonii
1674 2583 1739 2652 ‘cap
1762 2587 1790 2631 1.

177 2653 261 2715 rabili
284 2673 436 2731 puerorum
459 2650 585 2727 judicio,
607 2670 749 2715 natanto
771 2650 889 2712 vinculo
918 2648 960 2710 in·
998 2646 1146 2713 J‹ait-licite
1167 2662 1264 2720 tantan
1284 2651 1458 2715 contrabant
1480 2647 1534 2708 filii
1556 2648 1725 2733 sponsalia,
1747 2667 1788 2712 re·
1812 2651 1851 2712 ab

176 2732 394 2806 dissolubilirer,
416 2731 463 2796 seo
484 2732 715 2796 irrevocabiliter
745 2729 869 2810 obligari
899 2726 960 2810 pos-
1005 2730 1130 2810 quiritur
1162 2728 1290 2805 saltem,
1326 2751 1358 2794 ut
1390 2732 1468 2814 prius
1497 2728 1614 2812 desuper
1642 2728 1791 2793 consulant

176 2813 259 2890 bnt,
291 2814 383 2894 seque
414 2812 567 2877 tenendum
603 2815 641 2876 esl
671 2831 790 2876 ornnem
812 2809 965 2891 obligatio·
1008 2811 1158 2883 Parentes,
1180 2811 1316 2890 quamtis
1336 2831 1435 2876 eorum
1457 2809 1607 2874 consilium
1629 2831 1687 2876 non
1719 2809 1790 2873 sem·
1858 2813 1861 2823 '

176 2913 244 2958 nem
267 2891 407 2956 sublatam
429 2895 480 2958 esse
500 2892 588 2954 etiam
611 2895 640 2955 in
671 2891 735 2956 soro
764 2890 964 2966 conscientiae,
1006 2908 1056 2973 per
1077 2887 1154 2968 sequi
1174 2905 1345 2956 teneantur.
1366 2896 1549 2965 Communis,
1571 2915 1630 2971 arg.
1650 2905 1677 2954 cs
1697 2892 1791 2952 Aliter

176 2998 237 3056 arg.
258 2981 307 3036 cit.
329 2993 391 3054 cap.
413 2977 459 3033 De
477 2974 535 3035 issir
557 2993 585 3051 7.
602 2989 664 3052 cop.
688 2979 716 3034 A
736 2970 812 3034 nobit
834 2971 965 3031 8.dede·
1011 2991 1035 3032 t.
1056 2971 1128 3049 caus.
1151 2988 1199 3050 30.
1221 2973 1310 3053 puell.
1347 2995 1374 3053 ς.
1406 2991 1466 3044 cap.
1497 2977 1668 3035 Honorantur
1692 2989 1791 3051 paren·

170 3052 298 3136 sponsat.
319 3053 490 3137 impuberem
511 3073 577 3115 euru
599 3051 739 3117 sutilibus
758 3093 765 3115 .
789 3050 836 3112 Sic
858 3049 963 3114 Dubio
1005 3070 1045 3112 rer
1058 3073 1104 3126 1³·
1119 3052 1194 3130 caus.
1208 3073 1255 3134 32.
1265 3078 1294 3134 q.
1312 3076 1339 3115 2.
1352 3073 1410 3136 cap.
1421 3061 1536 3118 Taunus
1552 3053 1618 3117 nde
1621 3054 1790 3133 sponsation-

180 3157 220 3199 res
241 3134 427 3232 supracitati.
676 3192 679 3200 .
1003 3130 1137 3214 impuber.
1146 3132 1167 3193 l.
1179 3139 1213 3196 ln
1216 3135 1390 3215 sponsalibus
1397 3156 1427 3214 7.
1436 3138 1466 3214 §.
1480 3156 1507 3199 1.
1512 3136 1551 3215 ffi
1560 3137 1595 3196 de
1598 3132 1790 3217 sponsalibus,

1 3243 3 3276 r
113 3231 153 3274 at
217 3215 302 3278 Talus
321 3231 417 3280 autent
440 3213 560 3278 facultas
581 3214 758 3278 resiliendia
788 3209 964 3294 sponsalibus
1003 3235 1070 3277 oum
1094 3212 1251 3278 similibus.
1271 3218 1348 3278 Vile
1370 3216 1443 3278 infra
1464 3243 1492 3280 n.
1511 3237 1577 3292 ¹40·

177 3297 353 3376 probabilius
373 3317 432 3361 non
454 3297 492 3359 esl
515 3293 650 3359 censenda
669 3293 961 3374 concesssimpuberi-
1047 3295 1180 3359 Parentes
1199 3296 1373 3359 contrahere.
1390 3298 1502 3377 posunt
1515 3294 1654 3378 sponsalia
1663 3311 1717 3377 pto
1732 3293 1788 3356 suis
1812 3312 1850 3371 27

176 3376 290 3452 bus,si
311 3375 371 3457 ipsa
404 3373 547 3458 sponsalia
579 3379 742 3451 juramento
772 3371 962 3438 confirmare·
1005 3375 1074 3437 filiis
1095 3375 1283 3455 puberibus,
1319 3379 1375 3440 srva
1397 3379 1591 3459 impuberibus
1612 3399 1620 3450 3
1642 3375 1672 3438 te
1694 3377 1715 3436 sr
1735 3375 1789 3457 ipsi

175 3457 258 3519 sint.
280 3453 378 3519 Glossa
397 3463 427 3520 iu
447 3461 571 3537 cir.eap.
594 3460 637 3518 De
657 3459 746 3530 illis,
777 3453 856 3518 verb.
878 3459 964 3534 judi»
1004 3454 1058 3516 lilii
1080 3455 1226 3536 expresse,
1249 3455 1296 3521 vel
1328 3457 1418 3520 tacite
1451 3457 1670 3532 consenserint,
1701 3473 1735 3518 ut
1770 3455 1791 3517 si

175 3541 217 3602 rio
239 3537 379 3613 Ecclefia,
400 3538 566 3601 Ancharan.
587 3539 618 3598 in
636 3555 698 3619 cap.
721 3540 766 3600 En
786 3538 889 3598 litteris
918 3555 963 3596 ro.
1005 3534 1152 3618 praesentes
1171 3534 1298 3612 suerint,
1321 3558 1372 3600 nec
1392 3539 1636 3610 contradixerint,
1658 3535 1718 3598 obli
1760 3558 1790 3599 n-

178 3618 426 3702 desponsalibus,
449 3621 612 3684 Cooartuu.
637 3618 791 3695 insib.·4.
822 3615 964 3680 Deoruas.
1007 3630 1055 3680 tur
1076 3619 1111 3681 ad
1133 3617 1201 3694 illa,
1225 3617 1255 3678 &s
1275 3639 1309 3681 ex
1339 3619 1380 3682 eis
1407 3620 1501 3682 oritur
1533 3618 1646 3690 Jusliria
1671 3633 1710 3698 pu
1731 3621 1791 3679 lieae

171 3717 249 3782 part.
274 3720 301 3761 1.
323 3716 381 3780 cop.
406 3720 432 3779 ς.
452 3701 483 3776 §.
509 3720 535 3760 r.
555 3721 630 3760 nam.
656 3721 682 3780 3.
705 3699 833 3760 Sanclreu
862 3695 913 3762 lib.
940 3717 967 3757 t.
1006 3695 1178 3775 boneflarir.
1208 3703 1390 3774 Communis,
1411 3717 1493 3764 textu
1514 3699 1639 3780 etpraslo
1667 3702 1696 3760 in
1728 3717 1788 3782 rap.
1813 3707 1815 3712 ’

179 3779 411 3862 desponsalibus
430 3782 504 3862 dasp.
530 3800 577 3861 51.
591 3803 667 3844 num.
681 3780 866 3842 aa.Besanos
880 3777 962 3840 trabi.
1004 3780 1038 3841 Sr'
1057 3781 1179 3857 infantes
1197 3783 1269 3841 unic.
1291 3783 1319 3858 §.
1341 3783 1444 3860 Porro,
1466 3785 1501 3844 de
1521 3781 1717 3860 defluunsation.
1735 3785 1789 3840 im·
1893 3794 1898 3801 '

175 3866 213 3925 de
242 3867 364 3926 Sacram.
395 3877 454 3940 cap.
489 3883 538 3942 43.
572 3884 602 3941 4.
626 3865 674 3922 ab.
696 3884 772 3923 num.
794 3881 823 3941 7.
844 3857 965 3940 Pithlng
999 3857 1097 3941 puber.
1117 3865 1147 3922 in
1170 3867 1197 3922 b.
1221 3861 1281 3922 ibit
1306 3864 1388 3924 Porro
1407 3885 1441 3925 es
1456 3860 1652 3944 sponsalibus,
1674 3877 1788 3941 quapo-

173 3943 232 4004 loao
251 3946 300 4007 cit.
320 3967 395 4008 nuno.
417 3943 447 4004 8.
469 3942 500 4003 bt
519 3942 704 4004 communior
722 3942 870 4015 aliorum,
893 3941 961 4004 telle
1000 3959 1086 4004 rentes
1103 3958 1153 4022 pro
1167 3941 1248 4019 filiis·
1256 3941 1421 4022 puberibus,
1443 3945 1492 4004 orl
1504 3940 1708 4024 impuberibus,
1726 3940 1787 4022 ple·

173 4021 359 4088 Raissansluel
381 4027 432 4084 loa.
454 4027 502 4084 rit.
522 4045 598 4084 nam.
626 4022 828 4098 16.·quamvis
849 4020 907 4103 ipse
917 4021 961 4084 ibi
999 4045 1111 4105 rumque
1132 4023 1309 4100 connubunt,
1331 4024 1387 4107 r'pfi
1397 4022 1459 4100 filii
1476 4069 1485 4098 ,
1502 4021 1663 4106 sexprrffe
1682 4025 1791 4104 eonsen-

171 4124 243 4166 sum
265 4104 330 4167 aliis
352 4103 454 4169 sentiat
474 4103 637 4184 oppufitum
663 4125 672 4174 3
702 4103 743 4165 Et
773 4104 866 4166 nollra
896 4123 962 4164 con·
998 4103 1110 4185 joint,
1132 4106 1180 4169 vel
1197 4107 1306 4180 tacite,
1341 4121 1372 4166 ut
1388 4108 1414 4178 si
1428 4107 1572 4185 prasentes
1585 4107 1720 4181 suerint,
1741 4123 1790 4166 nea

170 4183 264 4248 clusro
286 4185 361 4247 alate
383 4183 540 4248 desumitur
558 4205 593 4250 ers
612 4203 673 4264 cup.
694 4187 737 4247 Es
758 4185 858 4246 litteris
871 4184 963 4246 ro.de
1003 4186 1233 4261 conmadirrrrins,
1257 4183 1432 4266 obligantur,
1456 4185 1494 4248 (9⁰
1515 4207 1547 4247 ert
1566 4185 1786 4265 risoritntJujli·

171 4264 369 4349 sponsalibus,
391 4266 439 4328 obi
460 4264 582 4347 expressa
604 4265 752 4338 llatuitur,
775 4265 853 4344 quod
874 4265 959 4327 stiur·
1001 4273 1045 4331 tia
1063 4267 1181 4352 publica
1199 4267 1363 4346 honestatis.
1401 4309 1405 4314 -
1663 4261 1668 4270 '

172 4347 294 4430 puberes
315 4344 454 4428 sponsalia
476 4345 638 4420 juramento
652 4343 906 4420 confirmaverint,
927 4365 961 4410 aa
1042 4351 1195 4422 Parentes,
1216 4349 1320 4411 nedum
1342 4343 1508 4412 contrahere
1529 4348 1641 4430 possunt
1674 4343 1783 4426 sponsa
1805 4337 1848 4402 ²8

174 4425 326 4493 dissolvere
355 4448 415 4491 uon
444 4428 570 4511 amplius
598 4423 732 4508 posint,
772 4427 869 4500 junsio
901 4429 963 4499 ejus
1001 4428 1042 4492 lia
1062 4427 1190 4512 prosuis
1212 4426 1279 4492 siliis
1300 4425 1510 4508 prasentibus,
1542 4427 1586 4491 sad
1608 4426 1697 4490 etiam
1731 4446 1786 4506 pro

176 4507 353 4585 summario,
374 4508 403 4571 lu
425 4527 485 4590 quo
505 4509 541 4572 bc
572 4506 693 4588 expresse
710 4507 869 4584 litabatur:
899 4512 963 4590 ¹Qui
1004 4509 1067 4591 ipsis
1087 4509 1265 4586 absentibus,
1286 4509 1319 4572 δι
1340 4507 1478 4592 sponsalia
1500 4507 1726 4592 ignorantibus,
1756 4507 1789 4568 dt

174 4591 288 4674 inavit
307 4612 368 4656 sum
387 4589 482 4674 aliqum
502 4588 675 4670 contrabant,
693 4585 723 4665 fs
739 4611 792 4654 πθ»
807 4587 898 4670 sabell
911 4593 963 4654 r'nt-
1003 4593 1024 4655 si
1044 4591 1096 4680 ips
1116 4589 1169 4654 filii
1191 4591 1253 4676 posi
1274 4585 1677 4749 scientiamfdtfsiappunsaba
1698 4583 1791 4732 raatifi-

294 4692 299 4696 ’
315 4709 331 4728 ·“
1701 4689 1714 4731 t
