4008 5258
214 119 374 240 ,²48
635 105 1490 202 soaNDaLUM.

226 235 314 304 tim,
337 229 377 292 (i
398 225 577 290 Commio
598 229 694 312 quoad
715 227 864 294 secundam
886 269 894 290 .
917 225 958 288 Er
980 245 1020 288 ra·
1064 219 1193 304 proximi
1216 217 1399 297 scandalum,
1418 217 1497 299 quod
1518 235 1605 284 mmo
1634 213 1758 283 audebit
1785 219 1850 286 usse·

227 309 1022 396 eioprimppartiuesl‚quias1peccatcontraca·
1064 324 1144 371 aere.
1176 379 1179 384 .
1525 377 1528 387 1
1846 325 1850 336 ·

228 394 349 462 ritatem
370 393 499 474 pmximi
520 390 606 455 saluti
629 391 756 458 debitam
778 391 829 472 qui
851 409 909 452 nou
931 389 1018 451 corti·
1102 382 1156 445 Ob
1181 380 1351 448 evitandum
1383 378 1494 462 precise
1527 378 1704 470 {candalum
1725 380 1851 450 alimum
1871 392 1915 454 18

226 475 274 561 pit
294 492 457 552 errantem,
479 495 497 536 a
517 473 631 538 fortiori
661 475 712 556 qui
744 471 856 534 indueir
886 469 922 532 ao
944 484 1018 534 erro·
1062 465 1242 548 probabilius
1261 463 1426 527 omittenda
1457 483 1514 524 non
1543 462 1608 527 sunt
1639 481 1730 548 opera
1752 485 1853 547 praee.

227 572 311 630 tanta
331 555 418 621 Unde
438 571 547 618 certum
568 555 609 618 eu
639 556 713 638 apud
745 564 848 617 omues
870 594 879 627 ,
904 549 1017 614 scancia·
1060 545 1127 628 pti,
1149 545 1206 611 live
1227 544 1384 621 naturalia,
1408 544 1463 607 seue
1487 543 1609 623 Divini,
1632 545 1690 611 sate
1710 545 1854 616 bomani.

226 636 438 702 iumaoiivum
462 635 600 700 dirmum
620 677 629 711 ,
651 655 711 720 quo
732 633 837 700 direiie
858 633 1021 697 intenditur
1060 626 1106 690 stc
1128 627 1313 691 &Thomas
1336 648 1363 687 2.
1389 647 1418 686 2.
1441 625 1532 706 quali,
1565 647 1616 710 43.
1647 649 1704 692 are.
1736 647 1765 708 7.
1796 631 1850 696 ca.

227 720 311 784 ruina
331 716 655 806 spiritualiu'pmrimi,
678 713 730 781 else
751 714 1017 800 macarumspecia·
1060 709 1145 791 simp.
1167 727 1233 772 tom.
1260 727 1286 771 r.
1307 707 1388 770 crasi.
1409 712 1438 770 o.
1458 707 1514 785 dis
1527 749 1535 769 .
1560 709 1588 770 o.
1602 711 1699 791 panor
1724 716 1851 796 to.n.3.

228 799 391 865 lecuutra
414 795 583 864 cautam
627 801 755 881 proximi
795 795 1015 881 gravissumum,
1060 790 1219 872 Pasqualig.
1239 791 1273 851 de
1295 725 1526 883 steriliaquaell
1548 809 1637 871 1347,
1657 791 1764 856 bienno
1783 811 1849 857 um.

229 882 352 964 iquue
373 877 532 963 specialior
553 881 755 964 explicandum
780 881 809 942 iu
840 877 1022 943 Consellrone
1066 891 1091 932 1·
1116 871 1199 933 msi.
1225 892 1252 934 ²·
1270 873 1304 932 dt
1322 869 1475 934 Virtutibus
1492 871 1566 954 disp.
1585 877 1614 935 o.
1634 891 1697 940 aas
1715 895 1743 955 3.
1764 879 1849 939 cono.

227 985 287 1031 utra
307 980 375 1026 curn
398 961 493 1042 specie
510 965 640 1046 peccati,
663 965 693 1025 ἅ
713 959 937 1026 circumstantiis
956 975 1019 1044 pet·
1064 972 1091 1033 3¹·
1113 950 1234 1034 lllsung·
1255 953 1337 1016 ttaoi.
1358 976 1385 1033 ς.
1402 975 1480 1014 num.
1512 973 1591 1017 atr..
1610 955 1694 1020 Felix
1724 957 1849 1021 Poteslau

227 1043 303 1109 sone
325 1044 442 1108 indubia
462 1047 497 1106 ad
520 1045 612 1141 ipsum
635 1059 816 1126 peccatum.
848 1041 937 1106 Ratio
968 1063 1018 1106 au·
1060 1051 1126 1096 rom.
1151 1051 1276 1130 13part.
1300 1054 1329 1096 2.
1351 1050 1462 1128 σιμ).
1485 1056 1562 1098 num.
1584 1036 1847 1117 novor-Comma.

229 1145 290 1191 nm
314 1125 440 1188 secundat
462 1144 554 1208 pertus
575 1129 632 1201 esi,
654 1127 725 1208 qnia
745 1126 774 1187 iu
796 1125 879 1188 omni
895 1142 1015 1205 peccato
1061 1117 1126 1178 nior
1146 1116 1290 1180 aliorum·
1312 1115 1354 1178 Et
1373 1129 1455 1178 mio
1474 1118 1530 1194 esta
1547 1119 1622 1198 quio
1642 1117 1743 1181 ordina
1764 1119 1845 1182 Cari·

227 1205 386 1270 damnifico
406 1209 559 1272 commisso
579 1208 609 1270 in
633 1209 801 1289 proximum
834 1204 938 1270 sufficit
966 1222 1019 1270 vo·
1061 1199 1130 1261 tatis
1153 1195 1226 1260 saluo
1246 1219 1299 1281 pro
1323 1197 1365 1259 tia
1386 1195 1558 1280 pracferenda
1578 1200 1615 1262 esi
1636 1197 1720 1262 saluti
1750 1201 1844 1281 prori-

228 1289 325 1352 luntas
347 1289 589 1370 interpretativa,
612 1286 658 1352 seu
680 1287 878 1353 voluntarium
914 1285 1016 1351 indita·
1061 1281 1123 1351 mli
1146 1280 1220 1342 uniit
1241 1217 1373 1361 qulldquls
1390 1293 1489 1342 curato
1510 1279 1611 1355 debet,
1635 1299 1668 1344 ut
1689 1281 1768 1364 prius
1790 1279 1847 1365 ipse

226 1370 327 1446 Rom,
349 1373 483 1452 pune'mlo
504 1361 612 1434 scilicet
633 1369 797 1434 voluntarie
813 1366 959 1444 ,causam‚
981 1390 1017 1432 ex
1060 1377 1202 1443 praecepta
1223 1361 1365 1443 impleat,
1388 1381 1477 1444 quam
1500 1375 1662 1439 mourut,
1693 1362 1772 1446 quod
1793 1364 1844 1426 lm·

112 1473 115 1479 ·
229 1471 287 1533 qua
307 1451 481 1534 providetur
501 1453 685 1531 sequuturum
707 1451 846 1514 damnum
869 1451 1017 1531 proximi,
1056 1441 1137 1524 pleat
1160 1441 1252 1517 alter,
1274 1463 1341 1506 cum
1372 1441 1515 1522 obligatio
1548 1440 1676 1506 servandi
1708 1461 1847 1527 prorupta

225 1533 370 1674 puamuio
390 1531 493 1595 diresin
514 1553 571 1594 non
595 1531 777 1606 intendatur,
800 1541 868 1612 erg'o
882 1532 1018 1595 etiamad
1058 1525 1092 1585 iit
1114 1518 1278 1604 primaria,
1301 1525 1344 1586 v&
1366 1521 1508 1604 obligatio
1532 1523 1645 1586 uitandi
1673 1524 1846 1588 §candalum

278 1611 352 1676 ciale
381 1625 531 1695 paucarum
562 1613 694 1675 Scanoab
720 1621 825 1676 cancre
854 1611 1015 1678 caritatem
1056 1605 1091 1667 sn
1114 1603 1296 1676 sannanim
1316 1605 1363 1666 Et
1380 1622 1459 1668 certe
1480 1603 1531 1667 uili
1551 1604 1716 1671 ostendatur
1744 1623 1843 1686 prace-

244 1692 335 1758 afficit
364 1693 500 1757 tonnas
530 1694 779 1776 interpretativa,
813 1692 858 1758 seu
881 1693 1015 1758 volunta-
1058 1699 1142 1765 arum
1166 1703 1234 1750 tunc
1256 1701 1313 1748 uon
1338 1683 1844 1769 0b1532104clarum-en,aanpac.

227 1774 305 1836 rium
328 1773 521 1851 indiacum,
541 1795 648 1856 nempe
678 1776 799 1849 oleae,
828 1774 875 1837 vel
908 1769 1015 1854 lacere,
1051 1765 1084 1831 se
1104 1766 1205 1831 omitti
1229 1768 1267 1830 ob
1287 1763 1846 1848 evitandumpratelloscaudalumalioa

227 1846 276 1919 ieu
294 1851 434 1919 omittere
455 1855 585 1939 aliquid,
607 1880 642 1921 ex
663 1855 1012 1939 quopraevloemrseqm·
1057 1861 1144 1926 mm,
1165 1863 1199 1912 ut
1221 1849 1342 1913 habetur
1364 1869 1398 1912 ea
1421 1874 1446 1911 c·
1469 1853 1542 1910 eum
1562 1866 1594 1910 ee
1613 1847 1736 1929 injunoio
1760 1868 1787 1910 2·
1809 1849 1845 1909 de

226 1953 293 2002 tura
315 1936 398 1999 ruina
408 1935 566 2018 spiritualis
576 1938 729 2018 proximi,
751 1939 904 2019 quamvis,
928 1939 1011 2000 cadi·
1053 1936 1122 1993 novi
1142 1933 1438 2013 malmundarium,
1462 1924 1501 1990 ibi
1523 1951 1531 1990 τ
1560 1934 1632 2012 ,Qua
1648 1923 1707 2006 fine
1728 1931 1846 2012 mortali

222 2015 299 2082 uile
318 2031 376 2079 nuri
399 2017 586 2090 intendatur3
607 2020 686 2082 Tum
708 2020 777 2100 quia
807 2041 840 2082 ex
870 2037 1014 2101 praecepto
1050 2029 1160 2093 peccato
1181 2014 1274 2074 omitti
1293 2036 1346 2074 non
1361 2011 1490 2094 possunt,
1511 2013 1644 2090 aett'smt
1661 2012 1844 2093 provitande

225 2095 367 2162 Caritatis
386 2111 520 2162 tenemur
542 2119 598 2160 nnn
621 2099 712 2162 solum
735 2101 770 2163 ad
783 2120 840 2162 uon
857 2119 1009 2178 procuran-
1046 2095 1180 2173 scandalo
1198 2094 1367 2158 omittenda·

225 2179 293 2241 darn
323 2199 360 2242 ex
387 2179 508 2262 propria
542 2177 678 2245 industria
697 2182 811 2244 ruinam
834 2179 1011 2261 spiritualem
1092 2175 1175 2237 -Hlnc
1197 2175 1331 2256 quamvis
1352 2173 1440 2238 multi
1461 2171 1556 2236 veiint
1578 2172 1730 2238 Feminam
1752 2173 1838 2239 scien·
1864 2193 1904 2254 ¹9

225 2258 372 2342 proximi,
391 2259 441 2322 sed
460 2260 551 2322 aelam
574 2261 608 2322 ad
630 2282 682 2324 noa
704 2263 898 2324 abstinendum
922 2281 1012 2326 nau.
1058 2271 1118 2318 tem
1140 2257 1266 2337 aliquam
1291 2257 1320 2318 in
1343 2253 1538 2340 particulari,
1573 2251 1600 2316 se
1620 2255 1743 2335 turpiter
1764 2274 1841 2317 ama·

226 2339 257 2403 sa
278 2340 397 2416 injusla,
420 2341 619 2422 ue-proaimue
629 2341 817 2424 spiritualiter
827 2358 908 2416 tuat,
932 2345 1017 2408 au’eo·
1058 2357 1109 2412 ii,
1131 2339 1329 2418 quotiescum
1352 2336 1475 2420 *spiriti
1498 2335 1603 2416 posse,
1626 2333 1658 2397 ἃ
1676 2334 1775 2399 delmi
1795 2337 1844 2397 3⁸·

228 2437 284 2502 que
306 2421 395 2485 etiam
419 2421 446 2480 in
479 2420 612 2484 scandalo
642 2423 739 2487 aeilvo
770 2421 907 2488 indirecto
929 2443 1015 2489 aene.
1048 2439 1106 2481 ,cro
1129 2418 1266 2485 abiliuere
1286 2419 1333 2484 dle
1355 2419 1437 2481 Feslo
1457 2415 1542 2482 semel
1565 2429 1653 2498 atqu'e'
1674 2416 1777 2479 iterum
1809 2415 1844 2480 ad

229 2524 293 2565 mut
315 2502 457 2584 explicare
478 2502 599 2584 speciem
623 2504 732 2584 peccati
752 2549 761 2579 ,
783 2505 926 2586 adquam
949 2527 1015 2590 pro·
1059 2515 1207 2582 paccatum
1231 2501 1302 2564 illud
1323 2499 1512 2573 evitandum3
1534 2496 1599 2560 Alii
1622 2496 1842 2562 mmenuniver-

229 2584 340 2646 timum
365 2582 478 2646 tatione
498 2585 567 2648 talla
589 2583 712 2648 scandali
734 2585 915 2648 inducimus.
1060 2581 1155 2644 saliret
1174 2580 1339 2655 susiinent,
1371 2582 1449 2661 quod
1469 2579 1509 2644 ob
1529 2577 1697 2644 evitandam
1728 2577 1843 2658 precise

172 2669 208 2727 to
269 2661 439 2728 scandalum
464 2686 541 2728 mete
571 2664 713 2747 passivum
750 2667 788 2728 eli
822 2667 1014 2745 evitandum,
1057 2661 1226 2726 scandalum
1249 2683 1305 2725 non
1329 2662 1382 2723 smr
1402 2661 1566 2727 omittenda
1589 2659 1649 2722 ulla
1669 2675 1840 2742 opetapro·

229 2745 275 2811 seu
296 2744 509 2826 impediendum
529 2791 540 2822 ,
570 2746 808 2830 quotiescumque
829 2745 907 2808 nulla
940 2751 1015 2812 ratio
1057 2762 1160 2826 cepta.
1182 2744 1259 2808 Vide
1282 2743 1360 2807 verb.
1380 2746 1499 2806 femina
1519 2767 1537 2802 a
1556 2754 1631 2803 aaut.
1646 2739 1840 2819 ruminio.

228 2825 417 2900 necessitatis,
439 2827 485 2889 vel
509 2827 650 2891 utilitatis
678 2830 824 2912 propriae,
849 2827 894 2892 vel
918 2829 1016 2894 alienae
1058 2827 1106 2888 ubi
1129 2825 1222 2889 multa
1242 2827 1276 2887 ad
1300 2842 1379 2888 rem.

225 2907 307 2988 cogit
329 2906 515 2983 mediceae,
538 2908 583 2971 vel
604 2908 712 2986 iacere,
735 2927 784 2972 aut
805 2909 944 2990 omittere
965 2911 1014 2973 ali·
1097 2909 1194 2986 Opera
1209 2924 1330 2970 taurum
1354 2906 1463 2968 consili
1485 2902 1647 2969 omittenda
1668 2901 1733 2966 sunt
1755 2948 1764 2978 ,
1790 2903 1836 2968 vel
1860 2927 1899 2967 ae

250 2988 317 3063 uid,
339 3009 373 3052 ex
395 3007 454 3070 quo
476 2990 665 3070 providemus
686 2992 854 3074 proximum
877 2991 1013 3064 elsescau-
1057 2985 1093 3048 ad
1115 2988 1233 3068 aliquod
1255 3006 1370 3070 tempus
1390 2986 1570 3061 diffitenda&
1602 2985 1641 3048 0b
1662 2986 1846 3052 ,tvliifldflffi'

225 3009 437 3142 dalimndum,
460 3067 506 3133 seu
526 3069 674 3154 sumptum
697 3073 873 3136 occasionem
895 3095 1013 3159 peccan-
1055 3067 1224 3132 Scaudalum
1239 3070 1413 3152 ,pusillorum
1436 3091 1468 3131 err
1491 3066 1666 3151 ignorantia,
1691 3066 1735 3129 vel
1756 3064 1836 3129 infit-

218 3151 277 3214 oi.
298 3153 477 3215 Communis.
500 3151 542 3212 Et
561 3153 637 3215 ratio
657 3154 723 3227 eil,
759 3154 828 3234 quia
851 3157 911 3220 Lex
933 3155 1013 3218 Cari.
1057 3150 1162 3216 mirate
1185 3150 1231 3214 seu
1253 3150 1410 3233 fragilitate
1433 3149 1498 3228 inde
1520 3150 1694 3222 secuturum,
1717 3147 1837 3225 §.Tlo-

226 3233 296 3296 taile
320 3253 372 3295 nos
393 3231 505 3312 obligat
528 3233 666 3315 impedire
690 3277 698 3308 ‚
729 3256 792 3297 cum
817 3233 901 3302 sacile
922 3238 1013 3319 possu-
1056 3251 1118 3300 mas
1138 3234 1159 3294 l.
1183 3255 1207 3294 c.
1230 3234 1360 3313 Calicem.
1381 3234 1402 3293 l.
1426 3255 1448 3294 r.
1472 3234 1579 3294 Hermo
1599 3233 1619 3289 l.
1640 3249 1665 3290 c.
1685 3229 1840 3294 Fellxl'o·

225 3323 292 3376 nius
312 3313 368 3376 stne
382 3314 504 3385 nolito,
527 3316 900 3395 autalieuu'incommodo,
925 3319 1013 3381 etlam
1056 3315 1138 3376 tellas
1158 3314 1180 3375 l.
1202 3336 1225 3376 t.
1247 3339 1275 3376 n.
1299 3335 1367 3395 3-42.
1392 3312 1487 3374 Diana
1503 3329 1564 3394 par.
1592 3331 1619 3390 5.
1640 3309 1719 3371 cradi.
1731 3331 1760 3389 7.
1770 3311 1839 3392 resp.

224 3395 334 3458 damna
356 3393 526 3472 temporalia
546 3397 675 3475 proximi
699 3441 707 3473 ,
740 3397 866 3462 &sica
896 3399 1013 3463 fortiori
1057 3395 1276 3476 23.Sput.·tom.
1301 3417 1328 3456 a.
1351 3395 1431 3456 troii.
1456 3417 1481 3474 ς.
1502 3417 1525 3457 c.
1551 3412 1576 3456 1.
1584 3392 1664 3532 (esi.
1689 3411 1715 3454 2.
1736 3417 1764 3454 n.
1789 3411 1838 3472 31.

39 3549 49 3561 ,
225 3479 286 3547 ejus
301 3473 412 3536 ‘damna
435 3473 614 3553 spiritualia,
638 3475 683 3541 seu
704 3497 837 3574 peccata.
1050 3477 1099 3540 ubl
1121 3477 1239 3540 rellatur
1260 3479 1294 3540 da
1314 3481 1464 3539 communi
1486 3518 1494 3536 .
1517 3474 1563 3537 Sic
1595 3489 1741 3555 pontanea
1762 3491 1837 3553 pere-

161 3574 205 3633 Jp
266 3557 338 3619 Nou
361 3555 398 3618 eil
420 3570 516 3619 tamen
538 3557 682 3639 obligatio
703 3560 876 3640 impediendi
895 3559 1007 3625 scandat.
1050 3557 1178 3699 priuatio
1198 3558 1233 3620 ad
1254 3559 1373 3636 aliquod
1396 3555 1608 3627 sausioarium,
1630 3555 1764 3634 ingressus
1786 3571 1836 3614 vo·

224 3636 286 3698 lum
305 3657 388 3699 mere
409 3633 568 3716 pasiivum,
590 3640 705 3721 quoties
727 3659 810 3722 urget
844 3644 1006 3719 necessitas,
1063 3639 1194 3702 unmrius
1217 3639 1246 3700 in
1269 3638 1454 3717 Religionem
1468 3683 1484 3714 „
1516 3637 1547 3702 ot
1577 3635 1742 3710 hujusmodl
1771 3632 1838 3697 sunt

225 3717 271 3780 rel
294 3717 413 3779 utilitas·
423 3717 544 3811 propria
564 3719 696 3795 dicendi,
718 3721 764 3783 vel
787 3721 906 3786 faciendi
928 3771 937 3798 ,
958 3738 1008 3790 aut
1049 3723 1228 3791 omittenda,
1252 3720 1298 3785 vel
1319 3719 1354 3782 ad
1375 3719 1492 3800 aliquod
1514 3725 1631 3802 temp'ut'
1646 3712 1835 3792 differenda,

211 3797 382 3870 omittendi
392 3797 502 3880 aliquid
513 3802 676 3880 ceteroquin
688 3803 885 3879 nonmalum,
908 3826 1008 3887 quam·
1048 3802 1142 3864 donec
1164 3801 1277 3883 pusilli,
1321 3801 1350 3863 ui
1372 3801 1438 3863 inde
1459 3821 1494 3865 er
1518 3799 1699 3882 ignorantia,
1723 3795 1768 3859 vel
1792 3797 1836 3856 in-

134 3910 137 3918 ·
223 3878 270 3941 vla
291 3879 394 3942 exinde
414 3879 465 3940 alii
488 3879 629 3959 sumpturi
665 3883 717 3942 sint
747 3884 922 3947 occasionem
945 3909 1007 3969 pec·
1052 3882 1212 3956 firmitate,
1236 3880 1280 3944 seu
1299 3821 1460 3964 (sragllitate
1482 3880 1763 3950 scandalizabantur,
1785 3874 1836 3940 ad·

179 4009 183 4018 .
223 3957 330 4030 caudi;
352 3964 533 4024 communis.
555 3961 596 4022 Et
618 3963 692 4024 ratio
714 3963 770 4037 eli,
793 3965 1008 4044 quiatuncnon
1050 3965 1175 4036 moniti,
1194 3963 1229 4024 ot
1253 3960 1402 4026 informati
1422 3965 1457 4028 de
1480 3962 1555 4031 iuliis
1577 3959 1719 4035 motivis,
1742 3959 1772 4020 or
1793 3979 1837 4020 ra·

212 4038 321 4102 sumus
342 4059 394 4103 nos
415 4039 515 4111 causa,
537 4041 614 4122 quud
635 4043 787 4124 protimus
801 4067 917 4128 peccet,
940 4071 1005 4114 cum
1050 4045 1177 4107 tionibus
1200 4063 1253 4124 pro
1275 4044 1327 4106 tali
1351 4044 1600 4126 peregrinatione,
1622 4042 1654 4105 dt
1676 4037 1839 4122 ingressuin

223 4119 388 4214 necessitas,
411 4120 456 4186 vel
479 4117 590 4185 utililas
609 4125 735 4208 propria
764 4147 815 4190 nos
845 4146 943 4210 urgeat
971 4133 1007 4197 ad
1051 4126 1255 4206 Religionem,
1278 4124 1494 4200 uuuusmodt
1516 4145 1575 4188 non
1597 4123 1724 4208 amplius
1755 4119 1834 4185 soan-

225 4201 253 4263 id
275 4201 355 4264 licite
376 4201 548 4279 dicendum,
570 4203 616 4267 vel
630 4202 821 4285 sacierdum,
842 4229 895 4274 aut
914 4211 1004 4277 omit·
1046 4205 1232 4274 daliztntur.

209 4283 364 4353 .tendum;
386 4286 459 4349 unde
480 4285 500 4345 sr
520 4284 635 4361 exinde,
643 4285 792 4370 proximus
801 4309 919 4376 peccet,
943 4313 1006 4376 pec·
1075 4286 1264 4351 Nullimude
1278 4303 1383 4353 autem
1404 4288 1568 4351 omittenda
1579 4285 1650 4348 sunt
1669 4301 1833 4369 operatua·
1858 4301 1891 4342 at

123 4427 128 4438 q
223 4379 321 4425 catum
343 4362 506 4437 dehereias
529 4365 647 4430 malitiae
669 4368 825 4451 imputari,
845 4375 916 4438 allae
946 4395 1005 4439 non
1038 4366 1101 4433 silli
1132 4367 1171 4434 ob
1203 4370 1370 4434 evitandum
1403 4369 1573 4432 Scandalum
1610 4367 1835 4430 Pharistlcum.

223 4445 364 4539 pollemus
384 4459 510 4528 unquam
533 4447 688 4531 quidquam
712 4451 1005 4534 noblsuccelsarium,
1047 4453 1227 4523 Communie;
1249 4451 1289 4513 Et
1311 4453 1388 4518 tatio
1409 4451 1465 4527 eil,
1487 4449 1557 4531 qula
1577 4449 1747 4514 scandalum
1761 4447 1835 4508 Pha·

223 4525 295 4588 utrle
316 4543 366 4588 aut
387 4526 552 4612 ceteroquin
575 4550 633 4594 non
657 4530 765 4594 malum
790 4532 870 4599 licite
891 4537 1002 4605 dicere.
1046 4531 1178 4595 fisticum
1200 4531 1295 4595 uritur
1314 4545 1350 4596 ei
1373 4553 1452 4597 mera
1473 4530 1605 4607 malitia,
1627 4531 1657 4593 ἅ
1678 4541 1771 4616 prauo
1793 4522 1836 4588 if·
1904 4609 1905 4612 Ἴ

210 4605 414 4689 mesfacere,
440 4626 495 4684 ,aut
516 4612 652 4708 omittere
680 4614 719 4678 ub
749 4616 919 4683 evitandum
944 4617 1002 4684 tale
1044 4611 1119 4681 sedin
1141 4611 1278 4692 illorum,
1301 4616 1353 4696 qui
1376 4613 1403 4681 se
1424 4613 1617 4678 scandalizant
1640 4657 1650 4689 ,
1677 4630 1752 4680 ,cum
1782 4603 1836 4691 lpss

531 4713 540 4724 ·
1734 4710 1795 4757 uon
