<?xml version="1.0" encoding="UTF-8"?>
<!DOCTYPE html PUBLIC "-//W3C//DTD XHTML 1.0 Transitional//EN"
    "http://www.w3.org/TR/xhtml1/DTD/xhtml1-transitional.dtd">
<html xmlns="http://www.w3.org/1999/xhtml" xml:lang="en" lang="en">
 <head>
  <title>
</title>
<meta http-equiv="Content-Type" content="text/html;charset=utf-8" />
  <meta name='ocr-system' content='tesseract 3.04.00' />
  <meta name='ocr-capabilities' content='ocr_page ocr_carea ocr_par ocr_line ocrx_word'/>
</head>
<body>
  <div class='ocr_page' id='page_1' title='image "./admrevpfluciife02ferrgoog_0455.png"; bbox 0 0 3996 5266; ppageno 0'>
   <div class='ocr_carea' id='block_1_1' title="bbox 525 93 1673 222">
    <p class='ocr_par' dir='ltr' id='par_1_1' title="bbox 525 93 1673 222">
     <span class='ocr_line' id='line_1_1' title="bbox 525 93 1673 222; baseline 0.003 -42"><span class='ocrx_word' id='word_1_1' title='bbox 525 93 1334 184; x_wconf 81' lang='lat' dir='ltr'>SPOLIUM·</span> <span class='ocrx_word' id='word_1_2' title='bbox 1590 133 1673 222; x_wconf 72' lang='lat'><em>451</em></span> 
     </span>
    </p>
   </div>
   <div class='ocr_carea' id='block_1_2' title="bbox 3 201 1891 4566">
    <p class='ocr_par' dir='ltr' id='par_1_2' title="bbox 124 201 1771 781">
     <span class='ocr_line' id='line_1_2' title="bbox 124 201 1736 291; baseline -0.001 -13"><span class='ocrx_word' id='word_1_3' title='bbox 124 208 155 278; x_wconf 86' lang='lat' dir='ltr'><em>di</em></span> <span class='ocrx_word' id='word_1_4' title='bbox 185 209 308 276; x_wconf 84' lang='lat' dir='ltr'><em>minime</em></span> <span class='ocrx_word' id='word_1_5' title='bbox 335 205 644 291; x_wconf 84' lang='lat' dir='ltr'><em>comprehenduntur,</em></span> <span class='ocrx_word' id='word_1_6' title='bbox 675 201 720 270; x_wconf 90' lang='lat' dir='ltr'><em>sed</em></span> <span class='ocrx_word' id='word_1_7' title='bbox 750 227 783 269; x_wconf 82' lang='lat' dir='ltr'><em>ea</em></span> <span class='ocrx_word' id='word_1_8' title='bbox 812 208 913 268; x_wconf 81' lang='lat' dir='ltr'><em>omnia</em></span> <span class='ocrx_word' id='word_1_9' title='bbox 952 207 996 271; x_wconf 76' lang='lat' dir='ltr'><em>bia</em></span> <span class='ocrx_word' id='word_1_10' title='bbox 1017 229 1074 272; x_wconf 89' lang='lat' dir='ltr'><em>nou</em></span> <span class='ocrx_word' id='word_1_11' title='bbox 1094 209 1199 275; x_wconf 91' lang='lat' dir='ltr'>debent</span> <span class='ocrx_word' id='word_1_12' title='bbox 1218 210 1323 276; x_wconf 86' lang='lat' dir='ltr'><em>censeri</em></span> <span class='ocrx_word' id='word_1_13' title='bbox 1344 211 1451 276; x_wconf 82' lang='lat' dir='ltr'><em>donata</em></span> <span class='ocrx_word' id='word_1_14' title='bbox 1471 217 1602 283; x_wconf 75' lang='lat' dir='ltr'>Ecclefiae</span> <span class='ocrx_word' id='word_1_15' title='bbox 1690 221 1736 286; x_wconf 70' lang='lat' dir='ltr'><em>uia</em></span> 
     </span>
     <span class='ocr_line' id='line_1_3' title="bbox 125 241 1738 385; baseline -0.001 -28"><span class='ocrx_word' id='word_1_16' title='bbox 125 295 160 357; x_wconf 82' lang='lat' dir='ltr'><em>nd</em></span> <span class='ocrx_word' id='word_1_17' title='bbox 190 312 290 358; x_wconf 90' lang='lat' dir='ltr'><em>eorum</em></span> <span class='ocrx_word' id='word_1_18' title='bbox 321 289 490 362; x_wconf 82' lang='lat' dir='ltr'><em>Ecclesras,</em></span> <span class='ocrx_word' id='word_1_19' title='bbox 531 286 560 350; x_wconf 88' lang='lat' dir='ltr'><em>id</em></span> <span class='ocrx_word' id='word_1_20' title='bbox 584 306 618 351; x_wconf 89' lang='lat' dir='ltr'><em>ue</em></span> <span class='ocrx_word' id='word_1_21' title='bbox 655 285 912 380; x_wconf 74' lang='lat' dir='ltr'><em>proportionaliter</em></span> <span class='ocrx_word' id='word_1_22' title='bbox 951 289 1070 353; x_wconf 81' lang='lat' dir='ltr'><em>donatio</em></span> <span class='ocrx_word' id='word_1_23' title='bbox 1091 290 1121 352; x_wconf 86' lang='lat' dir='ltr'><em>in</em></span> <span class='ocrx_word' id='word_1_24' title='bbox 1143 292 1230 356; x_wconf 88' lang='lat' dir='ltr'><em>dubio</em></span> <span class='ocrx_word' id='word_1_25' title='bbox 1252 312 1311 356; x_wconf 91' lang='lat' dir='ltr'><em>non</em></span> <span class='ocrx_word' id='word_1_26' title='bbox 1332 292 1533 376; x_wconf 71' lang='lat' dir='ltr'><em>presumitur,</em></span> <span class='ocrx_word' id='word_1_27' title='bbox 1554 299 1599 365; x_wconf 66' lang='lat' dir='ltr'><em>sod</em></span> <span class='ocrx_word' id='word_1_28' title='bbox 1620 241 1738 385; x_wconf 53' lang='lat' dir='ltr'><em>{inituri</em></span> 
     </span>
     <span class='ocr_line' id='line_1_4' title="bbox 125 305 1739 461; baseline 0.003 -24"><span class='ocrx_word' id='word_1_29' title='bbox 125 373 229 440; x_wconf 76' lang='lat' dir='ltr'><em>babitu</em></span> <span class='ocrx_word' id='word_1_30' title='bbox 249 372 359 436; x_wconf 80' lang='lat' dir='ltr'><em>tutione</em></span> <span class='ocrx_word' id='word_1_31' title='bbox 379 367 539 446; x_wconf 66' lang='lat' dir='ltr'><em>studitum,</em></span> <span class='ocrx_word' id='word_1_32' title='bbox 561 305 593 429; x_wconf 72' lang='lat' dir='ltr'><em>bt</em></span> <span class='ocrx_word' id='word_1_33' title='bbox 614 384 764 448; x_wconf 78' lang='lat' dir='ltr'><em>tempotu,</em></span> <span class='ocrx_word' id='word_1_34' title='bbox 785 387 846 448; x_wconf 87' lang='lat' dir='ltr'><em>quo</em></span> <span class='ocrx_word' id='word_1_35' title='bbox 861 367 912 432; x_wconf 83' lang='lat' dir='ltr'>Be·</span> <span class='ocrx_word' id='word_1_36' title='bbox 952 371 1059 445; x_wconf 90' lang='lat' dir='ltr'>debet,</span> <span class='ocrx_word' id='word_1_37' title='bbox 1081 388 1131 451; x_wconf 88' lang='lat' dir='ltr'><em>pet</em></span> <span class='ocrx_word' id='word_1_38' title='bbox 1151 387 1226 435; x_wconf 82' lang='lat' dir='ltr'><em>text.</em></span> <span class='ocrx_word' id='word_1_39' title='bbox 1247 376 1277 435; x_wconf 89' lang='lat' dir='ltr'><em>in</em></span> <span class='ocrx_word' id='word_1_40' title='bbox 1297 373 1320 434; x_wconf 84' lang='lat' dir='ltr'><em>l.</em></span> <span class='ocrx_word' id='word_1_41' title='bbox 1340 379 1414 436; x_wconf 84' lang='lat' dir='ltr'><em>Cum</em></span> <span class='ocrx_word' id='word_1_42' title='bbox 1434 379 1470 439; x_wconf 84' lang='lat' dir='ltr'><em>de</em></span> <span class='ocrx_word' id='word_1_43' title='bbox 1490 379 1613 443; x_wconf 84' lang='lat' dir='ltr'><em>indebito</em></span> <span class='ocrx_word' id='word_1_44' title='bbox 1634 403 1683 461; x_wconf 76' lang='grc' dir='ltr'><strong>ις.</strong></span> <span class='ocrx_word' id='word_1_45' title='bbox 1698 382 1739 458; x_wconf 78' lang='lat' dir='ltr'><em>ff.</em></span> 
     </span>
     <span class='ocr_line' id='line_1_5' title="bbox 127 445 1740 542; baseline 0.004 -25"><span class='ocrx_word' id='word_1_46' title='bbox 127 453 250 528; x_wconf 80' lang='lat' dir='ltr'><em>neficio,</em></span> <span class='ocrx_word' id='word_1_47' title='bbox 271 451 291 515; x_wconf 83' lang='lat' dir='ltr'><em>st</em></span> <span class='ocrx_word' id='word_1_48' title='bbox 310 449 395 533; x_wconf 82' lang='lat' dir='ltr'><em>pluru</em></span> <span class='ocrx_word' id='word_1_49' title='bbox 413 447 519 515; x_wconf 85' lang='lat' dir='ltr'><em>iuerirtt</em></span> <span class='ocrx_word' id='word_1_50' title='bbox 538 493 547 526; x_wconf 89' lang='lat'>,</span> <span class='ocrx_word' id='word_1_51' title='bbox 566 445 772 529; x_wconf 73' lang='lat' dir='ltr'><em>possederunt,</em></span> <span class='ocrx_word' id='word_1_52' title='bbox 804 467 856 511; x_wconf 88' lang='lat' dir='ltr'>nec</span> <span class='ocrx_word' id='word_1_53' title='bbox 877 450 912 513; x_wconf 82' lang='lat' dir='ltr'><em>ud</em></span> <span class='ocrx_word' id='word_1_54' title='bbox 951 450 986 512; x_wconf 85' lang='lat' dir='ltr'><em>de</em></span> <span class='ocrx_word' id='word_1_55' title='bbox 1001 449 1210 532; x_wconf 79' lang='lat' dir='ltr'><em>probationibus</em></span> <span class='ocrx_word' id='word_1_56' title='bbox 1227 496 1236 527; x_wconf 85' lang='lat'><strong>‚</strong></span> <span class='ocrx_word' id='word_1_57' title='bbox 1253 455 1534 536; x_wconf 71' lang='lat' dir='ltr'><em>presumptionibus.</em></span> <span class='ocrx_word' id='word_1_58' title='bbox 1567 460 1667 524; x_wconf 85' lang='lat' dir='ltr'><em>Immo</em></span> <span class='ocrx_word' id='word_1_59' title='bbox 1689 480 1740 542; x_wconf 90' lang='lat' dir='ltr'><em>pn·</em></span> 
     </span>
     <span class='ocr_line' id='line_1_6' title="bbox 126 527 1740 620; baseline 0.003 -22"><span class='ocrx_word' id='word_1_60' title='bbox 126 535 240 599; x_wconf 85' lang='lat' dir='ltr'>heredes</span> <span class='ocrx_word' id='word_1_61' title='bbox 260 554 295 596; x_wconf 82' lang='lat' dir='ltr'><em>ex</em></span> <span class='ocrx_word' id='word_1_62' title='bbox 317 533 517 606; x_wconf 79' lang='lat' dir='ltr'><em>testamento,</em></span> <span class='ocrx_word' id='word_1_63' title='bbox 548 527 596 595; x_wconf 87' lang='lat' dir='ltr'>vel</span> <span class='ocrx_word' id='word_1_64' title='bbox 617 528 654 592; x_wconf 84' lang='lat' dir='ltr'><em>eb</em></span> <span class='ocrx_word' id='word_1_65' title='bbox 674 528 807 590; x_wconf 83' lang='lat' dir='ltr'><em>intelltto</em></span> <span class='ocrx_word' id='word_1_66' title='bbox 829 529 912 594; x_wconf 84' lang='lat' dir='ltr'>dere·</span> <span class='ocrx_word' id='word_1_67' title='bbox 953 531 1012 595; x_wconf 87' lang='lat' dir='ltr'><em>tius</em></span> <span class='ocrx_word' id='word_1_68' title='bbox 1033 551 1130 607; x_wconf 80' lang='lat' dir='ltr'><em>error,</em></span> <span class='ocrx_word' id='word_1_69' title='bbox 1152 531 1198 598; x_wconf 89' lang='lat' dir='ltr'><em>seu</em></span> <span class='ocrx_word' id='word_1_70' title='bbox 1219 534 1296 597; x_wconf 72' lang='lat' dir='ltr'><em>obius</em></span> <span class='ocrx_word' id='word_1_71' title='bbox 1316 533 1485 608; x_wconf 78' lang='lat' dir='ltr'><em>invalidus.</em></span> <span class='ocrx_word' id='word_1_72' title='bbox 1509 559 1597 620; x_wconf 81' lang='lat' dir='ltr'>quam</span> <span class='ocrx_word' id='word_1_73' title='bbox 1618 541 1740 603; x_wconf 84' lang='lat' dir='ltr'><em>donatio</em></span> 
     </span>
     <span class='ocr_line' id='line_1_7' title="bbox 127 609 1741 698; baseline 0.001 -24"><span class='ocrx_word' id='word_1_74' title='bbox 127 615 235 678; x_wconf 83' lang='lat' dir='ltr'><em>niunt.</em></span> <span class='ocrx_word' id='word_1_75' title='bbox 257 613 285 675; x_wconf 88' lang='lat' dir='ltr'><em>S.</em></span> <span class='ocrx_word' id='word_1_76' title='bbox 309 611 376 676; x_wconf 89' lang='lat' dir='ltr'><em>Pius</em></span> <span class='ocrx_word' id='word_1_77' title='bbox 395 613 436 674; x_wconf 92' lang='lat' dir='ltr'><em>V.</em></span> <span class='ocrx_word' id='word_1_78' title='bbox 458 609 615 676; x_wconf 89' lang='lat' dir='ltr'><em>Conllitut.</em></span> <span class='ocrx_word' id='word_1_79' title='bbox 624 629 677 691; x_wconf 82' lang='lat'><em>42.</em></span> <span class='ocrx_word' id='word_1_80' title='bbox 698 610 788 692; x_wconf 88' lang='lat' dir='ltr'><em>incip.</em></span> <span class='ocrx_word' id='word_1_81' title='bbox 811 614 910 673; x_wconf 82' lang='lat' dir='ltr'><em>Rotna-</em></span> <span class='ocrx_word' id='word_1_82' title='bbox 952 609 1161 696; x_wconf 76' lang='lat' dir='ltr'><em>presumitur.</em></span> <span class='ocrx_word' id='word_1_83' title='bbox 1192 612 1359 677; x_wconf 82' lang='lat' dir='ltr'><em>Malcardus</em></span> <span class='ocrx_word' id='word_1_84' title='bbox 1377 615 1412 676; x_wconf 82' lang='lat' dir='ltr'><em>de</em></span> <span class='ocrx_word' id='word_1_85' title='bbox 1431 617 1635 698; x_wconf 67' lang='lat' dir='ltr'><em>probationibus</em></span> <span class='ocrx_word' id='word_1_86' title='bbox 1655 621 1741 683; x_wconf 80' lang='lat' dir='ltr'><em>conci.</em></span> 
     </span>
     <span class='ocr_line' id='line_1_8' title="bbox 125 691 1771 781; baseline 0.002 -23"><span class='ocrx_word' id='word_1_87' title='bbox 125 699 157 758; x_wconf 85' lang='lat' dir='ltr'><em>ttt&#39;</em></span> <span class='ocrx_word' id='word_1_88' title='bbox 176 691 337 770; x_wconf 68' lang='lat' dir='ltr'><em>Pontificis·</em></span> <span class='ocrx_word' id='word_1_89' title='bbox 957 714 1024 772; x_wconf 79' lang='lat'><em>554.</em></span> <span class='ocrx_word' id='word_1_90' title='bbox 1047 717 1123 754; x_wconf 88' lang='lat' dir='ltr'><em>num.</em></span> <span class='ocrx_word' id='word_1_91' title='bbox 1144 715 1174 771; x_wconf 82' lang='lat'><em>4.</em></span> <span class='ocrx_word' id='word_1_92' title='bbox 1197 694 1374 758; x_wconf 82' lang='lat' dir='ltr'><em>Menochlus</em></span> <span class='ocrx_word' id='word_1_93' title='bbox 1392 695 1444 760; x_wconf 83' lang='lat' dir='ltr'><em>lib.</em></span> <span class='ocrx_word' id='word_1_94' title='bbox 1468 721 1496 762; x_wconf 91' lang='lat'><em>2.</em></span> <span class='ocrx_word' id='word_1_95' title='bbox 1516 699 1551 762; x_wconf 81' lang='lat' dir='ltr'><em>de</em></span> <span class='ocrx_word' id='word_1_96' title='bbox 1570 699 1671 764; x_wconf 82' lang='lat' dir='ltr'><em>arbitr.</em></span> <span class='ocrx_word' id='word_1_97' title='bbox 1685 704 1739 781; x_wconf 84' lang='lat' dir='ltr'><em>Ju·</em></span> <span class='ocrx_word' id='word_1_98' title='bbox 1763 703 1771 718; x_wconf 80' lang='lat'>⁸</span> 
     </span>
    </p>

    <p class='ocr_par' dir='ltr' id='par_1_3' title="bbox 68 769 1747 1512">
     <span class='ocr_line' id='line_1_9' title="bbox 68 769 1741 860; baseline 0.003 -22"><span class='ocrx_word' id='word_1_99' title='bbox 68 779 107 840; x_wconf 87' lang='lat' dir='ltr'><em>rb</em></span> <span class='ocrx_word' id='word_1_100' title='bbox 166 773 265 851; x_wconf 74' lang='lat' dir='ltr'><em>voto,</em></span> <span class='ocrx_word' id='word_1_101' title='bbox 288 789 479 851; x_wconf 77' lang='lat' dir='ltr'><em>ornamenta,</em></span> <span class='ocrx_word' id='word_1_102' title='bbox 501 773 693 847; x_wconf 82' lang='lat' dir='ltr'>vestimentu,</span> <span class='ocrx_word' id='word_1_103' title='bbox 715 771 745 836; x_wconf 78' lang='lat' dir='ltr'><em>u</em></span> <span class='ocrx_word' id='word_1_104' title='bbox 767 769 912 847; x_wconf 82' lang='lat' dir='ltr'><em>bujulmn-</em></span> <span class='ocrx_word' id='word_1_105' title='bbox 954 777 1011 836; x_wconf 85' lang='lat' dir='ltr'>die.</span> <span class='ocrx_word' id='word_1_106' title='bbox 1022 775 1085 854; x_wconf 75' lang='lat' dir='ltr'><em>oasa</em></span> <span class='ocrx_word' id='word_1_107' title='bbox 1094 774 1144 836; x_wconf 85' lang='lat'><em>88.</em></span> <span class='ocrx_word' id='word_1_108' title='bbox 1160 797 1205 837; x_wconf 88' lang='lat' dir='ltr'><em>nu.</em></span> <span class='ocrx_word' id='word_1_109' title='bbox 1218 797 1245 855; x_wconf 87' lang='grc'><em>3.</em></span> <span class='ocrx_word' id='word_1_110' title='bbox 1257 774 1380 840; x_wconf 74' lang='lat' dir='ltr'><em>barbola</em></span> <span class='ocrx_word' id='word_1_111' title='bbox 1399 778 1433 837; x_wconf 85' lang='lat' dir='ltr'><em>de</em></span> <span class='ocrx_word' id='word_1_112' title='bbox 1454 782 1596 843; x_wconf 78' lang='lat' dir='ltr'><em>Aeiornot.</em></span> <span class='ocrx_word' id='word_1_113' title='bbox 1616 783 1666 860; x_wconf 85' lang='lat' dir='ltr'><em>usu</em></span> <span class='ocrx_word' id='word_1_114' title='bbox 1682 781 1741 859; x_wconf 77' lang='lat' dir='ltr'><em>{ro-</em></span> 
     </span>
     <span class='ocr_line' id='line_1_10' title="bbox 126 851 1741 936; baseline 0.002 -16"><span class='ocrx_word' id='word_1_115' title='bbox 126 853 156 920; x_wconf 92' lang='lat' dir='ltr'><em>di</em></span> <span class='ocrx_word' id='word_1_116' title='bbox 177 855 285 920; x_wconf 78' lang='lat' dir='ltr'>Clerici</span> <span class='ocrx_word' id='word_1_117' title='bbox 305 853 466 920; x_wconf 82' lang='lat' dir='ltr'>decedemis</span> <span class='ocrx_word' id='word_1_118' title='bbox 487 853 641 927; x_wconf 80' lang='lat' dir='ltr'><em>intestati,</em></span> <span class='ocrx_word' id='word_1_119' title='bbox 669 854 767 928; x_wconf 80' lang='lat' dir='ltr'><em>fliam</em></span> <span class='ocrx_word' id='word_1_120' title='bbox 797 851 912 916; x_wconf 84' lang='lat' dir='ltr'><em>suerunt</em></span> <span class='ocrx_word' id='word_1_121' title='bbox 951 873 1046 936; x_wconf 86' lang='lat' dir='ltr'><em>quent.</em></span> <span class='ocrx_word' id='word_1_122' title='bbox 1068 853 1146 916; x_wconf 86' lang='lat' dir='ltr'><em>verb.</em></span> <span class='ocrx_word' id='word_1_123' title='bbox 1168 858 1294 935; x_wconf 85' lang='lat' dir='ltr'><em>Donate,</em></span> <span class='ocrx_word' id='word_1_124' title='bbox 1318 855 1480 924; x_wconf 78' lang='lat' dir='ltr'>Flaminius</span> <span class='ocrx_word' id='word_1_125' title='bbox 1490 861 1609 925; x_wconf 81' lang='lat' dir='ltr'><em>Ptrifius</em></span> <span class='ocrx_word' id='word_1_126' title='bbox 1629 863 1663 922; x_wconf 80' lang='lat' dir='ltr'><em>de</em></span> <span class='ocrx_word' id='word_1_127' title='bbox 1686 867 1741 925; x_wconf 84' lang='lat' dir='ltr'><em>tto-</em></span> 
     </span>
     <span class='ocr_line' id='line_1_11' title="bbox 126 933 1742 1028; baseline 0.004 -28"><span class='ocrx_word' id='word_1_128' title='bbox 126 936 223 1001; x_wconf 82' lang='lat' dir='ltr'><em>dicota</em></span> <span class='ocrx_word' id='word_1_129' title='bbox 244 935 308 1000; x_wconf 90' lang='lat' dir='ltr'>Deo</span> <span class='ocrx_word' id='word_1_130' title='bbox 330 980 339 1010; x_wconf 90' lang='lat'>,</span> <span class='ocrx_word' id='word_1_131' title='bbox 362 933 509 1010; x_wconf 82' lang='lat' dir='ltr'><em>Ecclesrae,</em></span> <span class='ocrx_word' id='word_1_132' title='bbox 530 933 577 999; x_wconf 84' lang='lat' dir='ltr'>vel</span> <span class='ocrx_word' id='word_1_133' title='bbox 598 933 737 1028; x_wconf 67' lang='lat' dir='ltr'><em>Urttorio</em></span> <span class='ocrx_word' id='word_1_134' title='bbox 758 935 910 1015; x_wconf 73' lang='lat' dir='ltr'>expresse,</span> <span class='ocrx_word' id='word_1_135' title='bbox 946 936 1050 1020; x_wconf 80' lang='lat' dir='ltr'><em>fignut.</em></span> <span class='ocrx_word' id='word_1_136' title='bbox 1075 933 1189 1010; x_wconf 70' lang='lat' dir='ltr'>benefic.</span> <span class='ocrx_word' id='word_1_137' title='bbox 1210 935 1263 999; x_wconf 82' lang='lat' dir='ltr'><em>lib.</em></span> <span class='ocrx_word' id='word_1_138' title='bbox 1285 960 1316 1015; x_wconf 99' lang='grc'><em>9.</em></span> <span class='ocrx_word' id='word_1_139' title='bbox 1336 961 1366 1019; x_wconf 88' lang='lat' dir='ltr'><em>q.</em></span> <span class='ocrx_word' id='word_1_140' title='bbox 1393 963 1440 1018; x_wconf 84' lang='lat'><em>¹9·</em></span> <span class='ocrx_word' id='word_1_141' title='bbox 1463 965 1492 1004; x_wconf 89' lang='lat' dir='ltr'><em>n.</em></span> <span class='ocrx_word' id='word_1_142' title='bbox 1516 965 1544 1022; x_wconf 87' lang='lat'><em>5.</em></span> <span class='ocrx_word' id='word_1_143' title='bbox 1565 941 1682 1005; x_wconf 86' lang='lat' dir='ltr'><em>Aretin.</em></span> <span class='ocrx_word' id='word_1_144' title='bbox 1710 947 1742 1006; x_wconf 88' lang='lat' dir='ltr'><em>itt</em></span> 
     </span>
     <span class='ocr_line' id='line_1_12' title="bbox 127 1013 1745 1117; baseline 0.002 -35"><span class='ocrx_word' id='word_1_145' title='bbox 127 1039 186 1082; x_wconf 91' lang='lat' dir='ltr'><em>non</em></span> <span class='ocrx_word' id='word_1_146' title='bbox 210 1014 334 1098; x_wconf 69' lang='lat' dir='ltr'><em>ipedltnt</em></span> <span class='ocrx_word' id='word_1_147' title='bbox 355 1017 389 1077; x_wconf 88' lang='lat' dir='ltr'><em>td</em></span> <span class='ocrx_word' id='word_1_148' title='bbox 412 1013 525 1079; x_wconf 84' lang='lat' dir='ltr'>heredes</span> <span class='ocrx_word' id='word_1_149' title='bbox 544 1015 582 1081; x_wconf 82' lang='lat' dir='ltr'><em>ab</em></span> <span class='ocrx_word' id='word_1_150' title='bbox 600 1015 762 1079; x_wconf 82' lang='lat' dir='ltr'><em>tntesletu.</em></span> <span class='ocrx_word' id='word_1_151' title='bbox 785 1019 914 1080; x_wconf 79' lang='lat' dir='ltr'><em>Consonu-</em></span> <span class='ocrx_word' id='word_1_152' title='bbox 953 1018 975 1079; x_wconf 77' lang='grc' dir='ltr'><em>Ι.</em></span> <span class='ocrx_word' id='word_1_153' title='bbox 999 1021 1026 1076; x_wconf 83' lang='grc' dir='ltr'><em>Α</em></span> <span class='ocrx_word' id='word_1_154' title='bbox 1047 1018 1174 1080; x_wconf 89' lang='lat' dir='ltr'><em>Tition.</em></span> <span class='ocrx_word' id='word_1_155' title='bbox 1199 1039 1226 1096; x_wconf 84' lang='lat'><em>3.</em></span> <span class='ocrx_word' id='word_1_156' title='bbox 1248 1017 1282 1076; x_wconf 79' lang='lat' dir='ltr'><em>te</em></span> <span class='ocrx_word' id='word_1_157' title='bbox 1303 1015 1409 1082; x_wconf 80' lang='lat' dir='ltr'><em>verbor.</em></span> <span class='ocrx_word' id='word_1_158' title='bbox 1431 1019 1544 1104; x_wconf 77' lang='lat' dir='ltr'><em>obligat.</em></span> <span class='ocrx_word' id='word_1_159' title='bbox 1576 1021 1745 1117; x_wconf 70' lang='lat' dir='ltr'><em>Ventrigliu</em></span> 
     </span>
     <span class='ocr_line' id='line_1_13' title="bbox 127 1091 1745 1177; baseline -0.001 -13"><span class='ocrx_word' id='word_1_160' title='bbox 127 1105 190 1170; x_wconf 88' lang='lat' dir='ltr'><em>nis;</em></span> <span class='ocrx_word' id='word_1_161' title='bbox 211 1098 299 1173; x_wconf 86' lang='lat' dir='ltr'><em>Quod</em></span> <span class='ocrx_word' id='word_1_162' title='bbox 319 1095 398 1161; x_wconf 90' lang='lat' dir='ltr'>enim</span> <span class='ocrx_word' id='word_1_163' title='bbox 422 1091 506 1160; x_wconf 84' lang='lat' dir='ltr'>semel</span> <span class='ocrx_word' id='word_1_164' title='bbox 529 1095 595 1159; x_wconf 85' lang='lat' dir='ltr'>Deo</span> <span class='ocrx_word' id='word_1_165' title='bbox 613 1095 774 1158; x_wconf 67' lang='lat' dir='ltr'><em>dedicatum</em></span> <span class='ocrx_word' id='word_1_166' title='bbox 797 1096 855 1172; x_wconf 82' lang='lat' dir='ltr'><em>eli,</em></span> <span class='ocrx_word' id='word_1_167' title='bbox 878 1095 915 1158; x_wconf 83' lang='lat' dir='ltr'><em>ed</em></span> <span class='ocrx_word' id='word_1_168' title='bbox 953 1098 1064 1160; x_wconf 78' lang='lat' dir='ltr'><em>louoit.</em></span> <span class='ocrx_word' id='word_1_169' title='bbox 1077 1119 1123 1160; x_wconf 91' lang='lat' dir='ltr'><em>nu.</em></span> <span class='ocrx_word' id='word_1_170' title='bbox 1138 1117 1183 1177; x_wconf 84' lang='grc' dir='ltr'><em>ις.</em></span> <span class='ocrx_word' id='word_1_171' title='bbox 1199 1099 1228 1162; x_wconf 76' lang='lat' dir='ltr'><em>br</em></span> <span class='ocrx_word' id='word_1_172' title='bbox 1242 1096 1314 1166; x_wconf 78' lang='lat' dir='ltr'><em>aliis</em></span> <span class='ocrx_word' id='word_1_173' title='bbox 1335 1099 1418 1165; x_wconf 90' lang='lat' dir='ltr'>Unde</span> <span class='ocrx_word' id='word_1_174' title='bbox 1439 1121 1505 1166; x_wconf 88' lang='lat' dir='ltr'><em>cum</em></span> <span class='ocrx_word' id='word_1_175' title='bbox 1528 1103 1648 1165; x_wconf 81' lang='lat' dir='ltr'><em>Donuns</em></span> <span class='ocrx_word' id='word_1_176' title='bbox 1668 1102 1745 1166; x_wconf 82' lang='lat' dir='ltr'><em>dret-</em></span> 
     </span>
     <span class='ocr_line' id='line_1_14' title="bbox 129 1175 1743 1259; baseline 0.002 -16"><span class='ocrx_word' id='word_1_177' title='bbox 129 1179 274 1243; x_wconf 83' lang='lat' dir='ltr'><em>lrumtnos</em></span> <span class='ocrx_word' id='word_1_178' title='bbox 295 1176 358 1242; x_wconf 86' lang='lat' dir='ltr'><em>ulus</em></span> <span class='ocrx_word' id='word_1_179' title='bbox 378 1175 505 1258; x_wconf 82' lang='lat' dir='ltr'><em>amplius</em></span> <span class='ocrx_word' id='word_1_180' title='bbox 526 1175 616 1240; x_wconf 89' lang='lat' dir='ltr'><em>redire</em></span> <span class='ocrx_word' id='word_1_181' title='bbox 637 1195 696 1238; x_wconf 87' lang='lat' dir='ltr'><em>nnn</em></span> <span class='ocrx_word' id='word_1_182' title='bbox 719 1175 802 1240; x_wconf 88' lang='lat' dir='ltr'>debet</span> <span class='ocrx_word' id='word_1_183' title='bbox 825 1198 834 1248; x_wconf 71' lang='grc' dir='ltr'><em>ι</em></span> <span class='ocrx_word' id='word_1_184' title='bbox 856 1195 915 1257; x_wconf 81' lang='lat' dir='ltr'><em>cup.</em></span> <span class='ocrx_word' id='word_1_185' title='bbox 957 1195 1005 1240; x_wconf 90' lang='lat' dir='ltr'><em>tur</em></span> <span class='ocrx_word' id='word_1_186' title='bbox 1023 1177 1137 1259; x_wconf 81' lang='lat' dir='ltr'><em>perdere</em></span> <span class='ocrx_word' id='word_1_187' title='bbox 1157 1198 1207 1258; x_wconf 92' lang='lat' dir='ltr'><em>per</em></span> <span class='ocrx_word' id='word_1_188' title='bbox 1227 1177 1357 1240; x_wconf 82' lang='lat' dir='ltr'><em>Glollum</em></span> <span class='ocrx_word' id='word_1_189' title='bbox 1380 1184 1412 1243; x_wconf 93' lang='lat' dir='ltr'><em>in</em></span> <span class='ocrx_word' id='word_1_190' title='bbox 1431 1203 1457 1245; x_wconf 88' lang='grc' dir='ltr'><em>ι.</em></span> <span class='ocrx_word' id='word_1_191' title='bbox 1482 1203 1507 1244; x_wconf 86' lang='grc' dir='ltr'><em>ι.</em></span> <span class='ocrx_word' id='word_1_192' title='bbox 1532 1182 1567 1244; x_wconf 83' lang='lat' dir='ltr'><em>de</em></span> <span class='ocrx_word' id='word_1_193' title='bbox 1588 1184 1743 1248; x_wconf 84' lang='lat' dir='ltr'><em>donationi·</em></span> 
     </span>
     <span class='ocr_line' id='line_1_15' title="bbox 133 1257 1747 1398; baseline 0.002 -74"><span class='ocrx_word' id='word_1_194' title='bbox 133 1261 218 1324; x_wconf 86' lang='lat' dir='ltr'><em>Nulli</em></span> <span class='ocrx_word' id='word_1_195' title='bbox 236 1261 300 1324; x_wconf 83' lang='lat' dir='ltr'><em>licet</em></span> <span class='ocrx_word' id='word_1_196' title='bbox 323 1282 351 1342; x_wconf 98' lang='grc'><em>3.</em></span> <span class='ocrx_word' id='word_1_197' title='bbox 373 1260 447 1342; x_wconf 77' lang='lat' dir='ltr'><em>onus.</em></span> <span class='ocrx_word' id='word_1_198' title='bbox 475 1279 520 1321; x_wconf 84' lang='lat' dir='ltr'><em>rt.</em></span> <span class='ocrx_word' id='word_1_199' title='bbox 541 1282 571 1338; x_wconf 86' lang='lat' dir='ltr'><em>q.</em></span> <span class='ocrx_word' id='word_1_200' title='bbox 594 1277 623 1318; x_wconf 88' lang='lat'><em>2.</em></span> <span class='ocrx_word' id='word_1_201' title='bbox 646 1272 705 1338; x_wconf 82' lang='lat' dir='ltr'><em>sup·</em></span> <span class='ocrx_word' id='word_1_202' title='bbox 725 1258 813 1338; x_wconf 73' lang='lat' dir='ltr'><em>,Quod</em></span> <span class='ocrx_word' id='word_1_203' title='bbox 828 1257 917 1336; x_wconf 80' lang='lat' dir='ltr'>semel</span> <span class='ocrx_word' id='word_1_204' title='bbox 956 1261 1036 1332; x_wconf 84' lang='lat' dir='ltr'><em>bus,</em></span> <span class='ocrx_word' id='word_1_205' title='bbox 1066 1259 1096 1322; x_wconf 77' lang='lat' dir='ltr'><em>u</em></span> <span class='ocrx_word' id='word_1_206' title='bbox 1131 1278 1218 1321; x_wconf 88' lang='lat' dir='ltr'>nemu</span> <span class='ocrx_word' id='word_1_207' title='bbox 1229 1257 1424 1398; x_wconf 72' lang='lat' dir='ltr'><em>presumatur</em></span> <span class='ocrx_word' id='word_1_208' title='bbox 1446 1261 1526 1326; x_wconf 87' lang='lat' dir='ltr'><em>suum</em></span> <span class='ocrx_word' id='word_1_209' title='bbox 1549 1263 1653 1340; x_wconf 75' lang='lat' dir='ltr'><em>juilare</em></span> <span class='ocrx_word' id='word_1_210' title='bbox 1674 1279 1692 1337; x_wconf 67' lang='lat'><em>,&#39;</em></span> <span class='ocrx_word' id='word_1_211' title='bbox 1714 1265 1747 1328; x_wconf 79' lang='lat' dir='ltr'><em>dt</em></span> 
     </span>
     <span class='ocr_line' id='line_1_16' title="bbox 131 1337 1746 1426; baseline 0.003 -23"><span class='ocrx_word' id='word_1_212' title='bbox 131 1364 161 1420; x_wconf 85' lang='lat'><em>4.</em></span> <span class='ocrx_word' id='word_1_213' title='bbox 182 1343 254 1422; x_wconf 85' lang='lat' dir='ltr'><em>caus.</em></span> <span class='ocrx_word' id='word_1_214' title='bbox 279 1357 328 1418; x_wconf 78' lang='lat'><em>19.</em></span> <span class='ocrx_word' id='word_1_215' title='bbox 346 1366 375 1422; x_wconf 86' lang='lat' dir='ltr'><em>q.</em></span> <span class='ocrx_word' id='word_1_216' title='bbox 418 1341 509 1420; x_wconf 77' lang='lat' dir='ltr'><em>.&#39;,oup.</em></span> <span class='ocrx_word' id='word_1_217' title='bbox 531 1342 625 1420; x_wconf 79' lang='lat' dir='ltr'><em>ligno</em></span> <span class='ocrx_word' id='word_1_218' title='bbox 645 1341 694 1417; x_wconf 87' lang='grc'><em>36.</em></span> <span class='ocrx_word' id='word_1_219' title='bbox 716 1337 755 1400; x_wconf 78' lang='lat' dir='ltr'><em>(t</em></span> <span class='ocrx_word' id='word_1_220' title='bbox 785 1353 844 1419; x_wconf 87' lang='lat' dir='ltr'><em>sap.</em></span> <span class='ocrx_word' id='word_1_221' title='bbox 866 1344 913 1399; x_wconf 86' lang='lat' dir='ltr'><em>Ve·</em></span> <span class='ocrx_word' id='word_1_222' title='bbox 956 1337 1071 1420; x_wconf 81' lang='lat' dir='ltr'>perdere</span> <span class='ocrx_word' id='word_1_223' title='bbox 1090 1357 1140 1419; x_wconf 87' lang='lat' dir='ltr'><em>per</em></span> <span class='ocrx_word' id='word_1_224' title='bbox 1160 1340 1208 1402; x_wconf 84' lang='lat' dir='ltr'><em>sit.</em></span> <span class='ocrx_word' id='word_1_225' title='bbox 1244 1345 1347 1402; x_wconf 89' lang='lat' dir='ltr'><em>.Cum</em></span> <span class='ocrx_word' id='word_1_226' title='bbox 1368 1341 1403 1403; x_wconf 78' lang='lat' dir='ltr'><em>de</em></span> <span class='ocrx_word' id='word_1_227' title='bbox 1422 1341 1548 1406; x_wconf 86' lang='lat' dir='ltr'><em>indebito</em></span> <span class='ocrx_word' id='word_1_228' title='bbox 1586 1366 1633 1426; x_wconf 83' lang='lat'><em>25.</em></span> <span class='ocrx_word' id='word_1_229' title='bbox 1649 1343 1688 1420; x_wconf 76' lang='lat' dir='ltr'><em>ff.</em></span> <span class='ocrx_word' id='word_1_230' title='bbox 1709 1347 1746 1408; x_wconf 83' lang='lat' dir='ltr'><em>de</em></span> 
     </span>
     <span class='ocr_line' id='line_1_17' title="bbox 126 1361 1746 1512; baseline 0.002 -28"><span class='ocrx_word' id='word_1_231' title='bbox 126 1421 255 1502; x_wconf 74' lang='lat' dir='ltr'><em>fiimersttt</em></span> <span class='ocrx_word' id='word_1_232' title='bbox 275 1443 325 1498; x_wconf 84' lang='lat'><em>40.</em></span> <span class='ocrx_word' id='word_1_233' title='bbox 348 1361 413 1500; x_wconf 47' lang='lat' dir='ltr'><em>diis.</em></span> <span class='ocrx_word' id='word_1_234' title='bbox 436 1441 464 1482; x_wconf 89' lang='lat'><em>1.</em></span> <span class='ocrx_word' id='word_1_235' title='bbox 484 1419 518 1479; x_wconf 81' lang='lat' dir='ltr'>de</span> <span class='ocrx_word' id='word_1_236' title='bbox 536 1420 678 1498; x_wconf 75' lang='lat' dir='ltr'><em>consistat.</em></span> <span class='ocrx_word' id='word_1_237' title='bbox 699 1436 769 1512; x_wconf 41' lang='lat' dir='ltr'><em>cup..</em></span> <span class='ocrx_word' id='word_1_238' title='bbox 782 1418 831 1477; x_wconf 80' lang='lat' dir='ltr'><em>Ad</em></span> <span class='ocrx_word' id='word_1_239' title='bbox 856 1417 915 1480; x_wconf 86' lang='lat' dir='ltr'><em>haec</em></span> <span class='ocrx_word' id='word_1_240' title='bbox 951 1416 1158 1500; x_wconf 80' lang='lat' dir='ltr'><em>probationibus</em></span> <span class='ocrx_word' id='word_1_241' title='bbox 1178 1419 1216 1483; x_wconf 64' lang='lat' dir='ltr'>U</span> <span class='ocrx_word' id='word_1_242' title='bbox 1234 1424 1510 1504; x_wconf 75' lang='lat' dir='ltr'><em>presumptionibus,</em></span> <span class='ocrx_word' id='word_1_243' title='bbox 1535 1427 1574 1490; x_wconf 65' lang='grc' dir='ltr'>Φ</span> <span class='ocrx_word' id='word_1_244' title='bbox 1594 1428 1746 1508; x_wconf 79' lang='lat' dir='ltr'><em>t.caonpa-</em></span> 
     </span>
    </p>

    <p class='ocr_par' dir='ltr' id='par_1_4' title="bbox 3 1497 1748 1601">
     <span class='ocr_line' id='line_1_18' title="bbox 3 1497 1748 1601; baseline -0.005 -35"><span class='ocrx_word' id='word_1_245' title='bbox 3 1533 4 1536; x_wconf 42' lang='lat'>¹</span> <span class='ocrx_word' id='word_1_246' title='bbox 133 1525 163 1568; x_wconf 81' lang='lat' dir='ltr'><em>t.</em></span> <span class='ocrx_word' id='word_1_247' title='bbox 182 1505 217 1565; x_wconf 85' lang='lat' dir='ltr'><em>de</em></span> <span class='ocrx_word' id='word_1_248' title='bbox 238 1501 383 1583; x_wconf 79' lang='lat' dir='ltr'><em>Religiofis</em></span> <span class='ocrx_word' id='word_1_249' title='bbox 402 1497 558 1575; x_wconf 76' lang='lat' dir='ltr'><em>domibus,</em></span> <span class='ocrx_word' id='word_1_250' title='bbox 587 1516 646 1580; x_wconf 89' lang='lat' dir='ltr'><em>cup.</em></span> <span class='ocrx_word' id='word_1_251' title='bbox 669 1502 817 1580; x_wconf 68' lang='lat' dir='ltr'><em>toncspta</em></span> <span class='ocrx_word' id='word_1_252' title='bbox 840 1519 867 1595; x_wconf 76' lang='grc'><em>3.</em></span> <span class='ocrx_word' id='word_1_253' title='bbox 889 1499 924 1595; x_wconf 76' lang='lat' dir='ltr'><em>de</em></span> <span class='ocrx_word' id='word_1_254' title='bbox 962 1522 1012 1562; x_wconf 88' lang='lat' dir='ltr'><em>nus</em></span> <span class='ocrx_word' id='word_1_255' title='bbox 1032 1520 1083 1579; x_wconf 85' lang='lat'><em>47.</em></span> <span class='ocrx_word' id='word_1_256' title='bbox 1100 1500 1139 1577; x_wconf 77' lang='lat' dir='ltr'><em>ffi</em></span> <span class='ocrx_word' id='word_1_257' title='bbox 1161 1497 1290 1595; x_wconf 34' lang='lat' dir='ltr'><em>deobootis</em></span> <span class='ocrx_word' id='word_1_258' title='bbox 1308 1501 1484 1601; x_wconf 62' lang='lat' dir='ltr'><em>libertum,</em></span> <span class='ocrx_word' id='word_1_259' title='bbox 1507 1506 1614 1570; x_wconf 85' lang='lat' dir='ltr'><em>metito</em></span> <span class='ocrx_word' id='word_1_260' title='bbox 1628 1508 1748 1569; x_wconf 69' lang='lat' dir='ltr'><em>damna.</em></span> 
     </span>
    </p>

    <p class='ocr_par' dir='ltr' id='par_1_5' title="bbox 131 1577 1750 1828">
     <span class='ocr_line' id='line_1_19' title="bbox 132 1577 1750 1746; baseline 0.001 -18"><span class='ocrx_word' id='word_1_261' title='bbox 132 1577 923 1744; x_wconf 48' lang='lat' dir='ltr'><em>l&#39;llssstt&#39;tpltitlu?bilollll-222</em></span> <span class='ocrx_word' id='word_1_262' title='bbox 963 1580 1750 1746; x_wconf 56' lang='lat' dir='ltr'><em>:llttlll‘nltltllnullil.illul-‘st</em></span> 
     </span>
     <span class='ocr_line' id='line_1_20' title="bbox 131 1739 1750 1828; baseline 0.002 -21"><span class='ocrx_word' id='word_1_263' title='bbox 131 1745 187 1822; x_wconf 77' lang='lat' dir='ltr'><em>fis,</em></span> <span class='ocrx_word' id='word_1_264' title='bbox 214 1745 251 1807; x_wconf 61' lang='lat' dir='ltr'><em>(i</em></span> <span class='ocrx_word' id='word_1_265' title='bbox 266 1745 423 1824; x_wconf 79' lang='lat' dir='ltr'><em>sumptibus</em></span> <span class='ocrx_word' id='word_1_266' title='bbox 436 1743 586 1819; x_wconf 78' lang='lat' dir='ltr'><em>funerum.</em></span> <span class='ocrx_word' id='word_1_267' title='bbox 962 1739 1209 1820; x_wconf 52' lang='lat' dir='ltr'><em>carmtsohieposc.</em></span> <span class='ocrx_word' id='word_1_268' title='bbox 1235 1746 1346 1824; x_wconf 78' lang='lat' dir='ltr'><em>Neapoi.</em></span> <span class='ocrx_word' id='word_1_269' title='bbox 1360 1745 1445 1823; x_wconf 66' lang='lat' dir='ltr'><em>dectss</em></span> <span class='ocrx_word' id='word_1_270' title='bbox 1470 1749 1539 1821; x_wconf 85' lang='lat'><strong><em>296.</em></strong></span> <span class='ocrx_word' id='word_1_271' title='bbox 1561 1746 1609 1810; x_wconf 85' lang='lat' dir='ltr'><em>ubl</em></span> <span class='ocrx_word' id='word_1_272' title='bbox 1631 1747 1750 1828; x_wconf 79' lang='lat' dir='ltr'>quidam</span> 
     </span>
    </p>

    <p class='ocr_par' dir='ltr' id='par_1_6' title="bbox 75 1819 1891 3264">
     <span class='ocr_line' id='line_1_21' title="bbox 75 1819 1750 1908; baseline 0.002 -24"><span class='ocrx_word' id='word_1_273' title='bbox 75 1843 116 1904; x_wconf 88' lang='lat'><em>17</em></span> <span class='ocrx_word' id='word_1_274' title='bbox 179 1825 253 1887; x_wconf 88' lang='lat' dir='ltr'>Item</span> <span class='ocrx_word' id='word_1_275' title='bbox 275 1827 310 1887; x_wconf 84' lang='lat' dir='ltr'><em>ad</em></span> <span class='ocrx_word' id='word_1_276' title='bbox 332 1823 447 1888; x_wconf 83' lang='lat' dir='ltr'>heredes</span> <span class='ocrx_word' id='word_1_277' title='bbox 476 1843 534 1886; x_wconf 87' lang='lat' dir='ltr'><em>non</em></span> <span class='ocrx_word' id='word_1_278' title='bbox 556 1819 681 1902; x_wconf 66' lang='lat' dir='ltr'><em>sponsor</em></span> <span class='ocrx_word' id='word_1_279' title='bbox 710 1821 869 1903; x_wconf 75' lang='lat' dir='ltr'><em>ptaedidie,</em></span> <span class='ocrx_word' id='word_1_280' title='bbox 900 1822 920 1884; x_wconf 89' lang='lat' dir='ltr'><em>st</em></span> <span class='ocrx_word' id='word_1_281' title='bbox 961 1821 1093 1902; x_wconf 87' lang='lat' dir='ltr'><em>privatus</em></span> <span class='ocrx_word' id='word_1_282' title='bbox 1114 1819 1218 1884; x_wconf 81' lang='lat' dir='ltr'><em>iecerat</em></span> <span class='ocrx_word' id='word_1_283' title='bbox 1239 1840 1376 1903; x_wconf 76' lang='lat' dir='ltr'>argentee</span> <span class='ocrx_word' id='word_1_284' title='bbox 1396 1824 1566 1888; x_wconf 73' lang='lat' dir='ltr'><em>candelabre</em></span> <span class='ocrx_word' id='word_1_285' title='bbox 1594 1847 1662 1890; x_wconf 90' lang='lat' dir='ltr'><em>cum</em></span> <span class='ocrx_word' id='word_1_286' title='bbox 1684 1828 1750 1908; x_wconf 79' lang='lat' dir='ltr'><em>llig-</em></span> 
     </span>
     <span class='ocr_line' id='line_1_22' title="bbox 136 1900 1752 1987; baseline 0.002 -21"><span class='ocrx_word' id='word_1_287' title='bbox 136 1901 222 1978; x_wconf 86' lang='lat' dir='ltr'>Deo,</span> <span class='ocrx_word' id='word_1_288' title='bbox 247 1903 407 1979; x_wconf 86' lang='lat' dir='ltr'><em>Ecclestot,</em></span> <span class='ocrx_word' id='word_1_289' title='bbox 438 1903 484 1967; x_wconf 84' lang='lat' dir='ltr'>vel</span> <span class='ocrx_word' id='word_1_290' title='bbox 507 1902 648 1965; x_wconf 81' lang='lat' dir='ltr'><em>Oratorin</em></span> <span class='ocrx_word' id='word_1_291' title='bbox 669 1900 775 1986; x_wconf 83' lang='lat' dir='ltr'><em>fuerint</em></span> <span class='ocrx_word' id='word_1_292' title='bbox 795 1902 919 1979; x_wconf 81' lang='lat' dir='ltr'><em>diruta,</em></span> <span class='ocrx_word' id='word_1_293' title='bbox 961 1901 1088 1966; x_wconf 81' lang='lat' dir='ltr'><em>mutibus</em></span> <span class='ocrx_word' id='word_1_294' title='bbox 1116 1900 1261 1974; x_wconf 82' lang='lat' dir='ltr'>cujusdem</span> <span class='ocrx_word' id='word_1_295' title='bbox 1295 1902 1493 1980; x_wconf 68' lang='lat' dir='ltr'><em>Monstrum,</em></span> <span class='ocrx_word' id='word_1_296' title='bbox 1526 1905 1631 1986; x_wconf 81' lang='lat' dir='ltr'><em>illaque</em></span> <span class='ocrx_word' id='word_1_297' title='bbox 1665 1923 1752 1987; x_wconf 86' lang='lat' dir='ltr'>penes</span> 
     </span>
     <span class='ocr_line' id='line_1_23' title="bbox 134 1980 1750 2064; baseline 0.001 -16"><span class='ocrx_word' id='word_1_298' title='bbox 134 1983 339 2048; x_wconf 84' lang='lat' dir='ltr'><em>etiamsolum</em></span> <span class='ocrx_word' id='word_1_299' title='bbox 362 1983 478 2058; x_wconf 79' lang='lat' dir='ltr'><em>tacite,</em></span> <span class='ocrx_word' id='word_1_300' title='bbox 510 2001 542 2046; x_wconf 91' lang='lat' dir='ltr'><em>ut</em></span> <span class='ocrx_word' id='word_1_301' title='bbox 572 1982 749 2046; x_wconf 82' lang='lat' dir='ltr'><em>sobabereut</em></span> <span class='ocrx_word' id='word_1_302' title='bbox 780 1983 920 2064; x_wconf 76' lang='lat' dir='ltr'><em>figulum,</em></span> <span class='ocrx_word' id='word_1_303' title='bbox 963 1982 1176 2047; x_wconf 82' lang='lat' dir='ltr'><em>Monalleriut&#39;n</em></span> <span class='ocrx_word' id='word_1_304' title='bbox 1200 1980 1324 2064; x_wconf 81' lang='lat' dir='ltr'><em>reposuit</em></span> <span class='ocrx_word' id='word_1_305' title='bbox 1346 2027 1359 2058; x_wconf 84' lang='grc'><em>,,</em></span> <span class='ocrx_word' id='word_1_306' title='bbox 1392 1985 1423 2046; x_wconf 79' lang='grc' dir='ltr'><em>δι</em></span> <span class='ocrx_word' id='word_1_307' title='bbox 1442 1985 1535 2047; x_wconf 84' lang='lat' dir='ltr'><em>adbuc</em></span> <span class='ocrx_word' id='word_1_308' title='bbox 1556 2003 1656 2048; x_wconf 80' lang='lat' dir='ltr'><em>contre</em></span> <span class='ocrx_word' id='word_1_309' title='bbox 1677 1987 1750 2058; x_wconf 52' lang='lat' dir='ltr'><em>Mn,</em></span> 
     </span>
     <span class='ocr_line' id='line_1_24' title="bbox 135 2062 1749 2147; baseline -0.001 -17"><span class='ocrx_word' id='word_1_310' title='bbox 135 2063 182 2130; x_wconf 85' lang='lat' dir='ltr'>vel</span> <span class='ocrx_word' id='word_1_311' title='bbox 206 2065 334 2145; x_wconf 82' lang='lat' dir='ltr'><em>lnfignia</em></span> <span class='ocrx_word' id='word_1_312' title='bbox 354 2063 512 2137; x_wconf 64' lang='lat' dir='ltr'><em>Erulum,</em></span> <span class='ocrx_word' id='word_1_313' title='bbox 543 2062 589 2128; x_wconf 89' lang='lat' dir='ltr'>vel</span> <span class='ocrx_word' id='word_1_314' title='bbox 610 2066 695 2127; x_wconf 87' lang='lat' dir='ltr'>esleut</span> <span class='ocrx_word' id='word_1_315' title='bbox 713 2064 758 2127; x_wconf 81' lang='lat' dir='ltr'><em>ite</em></span> <span class='ocrx_word' id='word_1_316' title='bbox 778 2075 846 2147; x_wconf 79' lang='lat' dir='ltr'><em>ept&#39;t</em></span> <span class='ocrx_word' id='word_1_317' title='bbox 868 2065 921 2128; x_wconf 80' lang='lat' dir='ltr'><em>tali</em></span> <span class='ocrx_word' id='word_1_318' title='bbox 963 2063 1116 2128; x_wconf 79' lang='lat' dir='ltr'><em>nulleriunr</em></span> <span class='ocrx_word' id='word_1_319' title='bbox 1146 2062 1202 2125; x_wconf 86' lang='lat' dir='ltr'><em>fuit</em></span> <span class='ocrx_word' id='word_1_320' title='bbox 1230 2063 1389 2136; x_wconf 80' lang='lat' dir='ltr'><em>iudicatum</em></span> <span class='ocrx_word' id='word_1_321' title='bbox 1420 2084 1477 2126; x_wconf 93' lang='lat' dir='ltr'><em>non</em></span> <span class='ocrx_word' id='word_1_322' title='bbox 1509 2063 1586 2129; x_wconf 81' lang='lat' dir='ltr'><em>suillo</em></span> <span class='ocrx_word' id='word_1_323' title='bbox 1614 2067 1749 2143; x_wconf 83' lang='lat' dir='ltr'><em>donata,</em></span> 
     </span>
     <span class='ocr_line' id='line_1_25' title="bbox 135 2141 1751 2240; baseline 0.001 -32"><span class='ocrx_word' id='word_1_324' title='bbox 135 2144 293 2240; x_wconf 72' lang='lat' dir='ltr'><em>Eccleboe,</em></span> <span class='ocrx_word' id='word_1_325' title='bbox 323 2161 356 2208; x_wconf 90' lang='lat' dir='ltr'><em>ut</em></span> <span class='ocrx_word' id='word_1_326' title='bbox 378 2144 542 2208; x_wconf 86' lang='lat' dir='ltr'><em>viderentur</em></span> <span class='ocrx_word' id='word_1_327' title='bbox 563 2141 640 2240; x_wconf 74' lang='lat' dir='ltr'><em>fuilie</em></span> <span class='ocrx_word' id='word_1_328' title='bbox 672 2144 851 2240; x_wconf 65' lang='lat' dir='ltr'><em>eprimteua</em></span> <span class='ocrx_word' id='word_1_329' title='bbox 882 2143 931 2238; x_wconf 77' lang='lat' dir='ltr'><em>lua</em></span> <span class='ocrx_word' id='word_1_330' title='bbox 969 2159 1002 2206; x_wconf 89' lang='lat' dir='ltr'><em>ut</em></span> <span class='ocrx_word' id='word_1_331' title='bbox 1034 2142 1069 2205; x_wconf 79' lang='lat' dir='ltr'><em>ed</em></span> <span class='ocrx_word' id='word_1_332' title='bbox 1100 2143 1228 2208; x_wconf 83' lang='lat' dir='ltr'><em>litteram</em></span> <span class='ocrx_word' id='word_1_333' title='bbox 1261 2141 1346 2207; x_wconf 78' lang='lat' dir='ltr'>refert</span> <span class='ocrx_word' id='word_1_334' title='bbox 1375 2143 1541 2228; x_wconf 81' lang='lat' dir='ltr'><em>Ventriglie</em></span> <span class='ocrx_word' id='word_1_335' title='bbox 1577 2147 1627 2210; x_wconf 88' lang='lat' dir='ltr'><em>loo.</em></span> <span class='ocrx_word' id='word_1_336' title='bbox 1669 2150 1751 2211; x_wconf 88' lang='lat' dir='ltr'><em>citat.</em></span> 
     </span>
     <span class='ocr_line' id='line_1_26' title="bbox 136 2222 1891 2398; baseline 0.001 -28"><span class='ocrx_word' id='word_1_337' title='bbox 136 2243 303 2370; x_wconf 58' lang='lat' dir='ltr'><em>ibnlbbibii</em></span> <span class='ocrx_word' id='word_1_338' title='bbox 325 2222 930 2398; x_wconf 53' lang='lat' dir='ltr'><em>ldificeiriceiiiirieefllllli‘lleirlriibuidpdliei</em></span> <span class='ocrx_word' id='word_1_339' title='bbox 969 2241 1073 2377; x_wconf 42' lang='grc' dir='ltr'><strong>’,Ἔλιξ</strong></span> <span class='ocrx_word' id='word_1_340' title='bbox 1082 2243 1202 2385; x_wconf 79' lang='lat' dir='ltr'><em>lir&#39;super</em></span> <span class='ocrx_word' id='word_1_341' title='bbox 1222 2323 1253 2366; x_wconf 91' lang='lat' dir='ltr'><em>n.</em></span> <span class='ocrx_word' id='word_1_342' title='bbox 1279 2307 1324 2367; x_wconf 86' lang='lat' dir='ltr'><em>rb.</em></span> <span class='ocrx_word' id='word_1_343' title='bbox 1347 2303 1458 2382; x_wconf 88' lang='lat' dir='ltr'><em>subdit,</em></span> <span class='ocrx_word' id='word_1_344' title='bbox 1481 2309 1559 2390; x_wconf 92' lang='lat' dir='ltr'><em>quod</em></span> <span class='ocrx_word' id='word_1_345' title='bbox 1580 2327 1637 2370; x_wconf 91' lang='lat' dir='ltr'><em>non</em></span> <span class='ocrx_word' id='word_1_346' title='bbox 1659 2307 1752 2372; x_wconf 82' lang='lat' dir='ltr'><em>obllat</em></span> <span class='ocrx_word' id='word_1_347' title='bbox 1774 2326 1814 2372; x_wconf 78' lang='lat' dir='ltr'><em>te</em></span> <span class='ocrx_word' id='word_1_348' title='bbox 1889 2341 1891 2345; x_wconf 33' lang='lat' dir='ltr'>v</span> 
     </span>
     <span class='ocr_line' id='line_1_27' title="bbox 135 2382 1753 2469; baseline 0.002 -22"><span class='ocrx_word' id='word_1_349' title='bbox 135 2384 348 2450; x_wconf 76' lang='lat' dir='ltr'><em>rationabiliter</em></span> <span class='ocrx_word' id='word_1_350' title='bbox 368 2384 511 2469; x_wconf 75' lang='lat' dir='ltr'><em>presumi·</em></span> <span class='ocrx_word' id='word_1_351' title='bbox 529 2382 590 2464; x_wconf 80' lang='lat' dir='ltr'><em>ipio</em></span> <span class='ocrx_word' id='word_1_352' title='bbox 620 2382 697 2448; x_wconf 86' lang='lat' dir='ltr'><em>iurlle</em></span> <span class='ocrx_word' id='word_1_353' title='bbox 727 2400 817 2448; x_wconf 85' lang='lat' dir='ltr'><em>ttcrte</em></span> <span class='ocrx_word' id='word_1_354' title='bbox 846 2382 927 2445; x_wconf 75' lang='lat' dir='ltr'><em>dotto</em></span> <span class='ocrx_word' id='word_1_355' title='bbox 968 2387 1015 2446; x_wconf 88' lang='lat' dir='ltr'><em>cit.</em></span> <span class='ocrx_word' id='word_1_356' title='bbox 1033 2383 1123 2466; x_wconf 83' lang='lat' dir='ltr'><em>supra</em></span> <span class='ocrx_word' id='word_1_357' title='bbox 1144 2407 1219 2446; x_wconf 91' lang='lat' dir='ltr'><em>nunt.</em></span> <span class='ocrx_word' id='word_1_358' title='bbox 1244 2403 1292 2465; x_wconf 88' lang='grc' dir='ltr'><em>ις.</em></span> <span class='ocrx_word' id='word_1_359' title='bbox 1311 2386 1493 2461; x_wconf 70' lang='grc' dir='ltr'><em>Ι(Σοιιΐιίιιιιίο</em></span> <span class='ocrx_word' id='word_1_360' title='bbox 1521 2409 1572 2464; x_wconf 83' lang='lat'><em>42.</em></span> <span class='ocrx_word' id='word_1_361' title='bbox 1594 2387 1623 2450; x_wconf 85' lang='lat' dir='ltr'><em>S.</em></span> <span class='ocrx_word' id='word_1_362' title='bbox 1644 2388 1690 2450; x_wconf 89' lang='lat' dir='ltr'><em>Pii</em></span> <span class='ocrx_word' id='word_1_363' title='bbox 1711 2389 1753 2452; x_wconf 88' lang='lat' dir='ltr'><em>V.</em></span> 
     </span>
     <span class='ocr_line' id='line_1_28' title="bbox 139 2459 1753 2549; baseline 0.004 -21"><span class='ocrx_word' id='word_1_364' title='bbox 139 2465 270 2530; x_wconf 80' lang='lat' dir='ltr'><em>Ecclesrz</em></span> <span class='ocrx_word' id='word_1_365' title='bbox 291 2465 406 2544; x_wconf 77' lang='lat' dir='ltr'><em>dicata,</em></span> <span class='ocrx_word' id='word_1_366' title='bbox 429 2466 474 2530; x_wconf 87' lang='lat' dir='ltr'><em>seu</em></span> <span class='ocrx_word' id='word_1_367' title='bbox 494 2466 619 2530; x_wconf 79' lang='lat' dir='ltr'><em>donata.</em></span> <span class='ocrx_word' id='word_1_368' title='bbox 643 2467 722 2530; x_wconf 82' lang='lat' dir='ltr'><em>Rota</em></span> <span class='ocrx_word' id='word_1_369' title='bbox 736 2459 837 2526; x_wconf 85' lang='lat' dir='ltr'><em>divers.</em></span> <span class='ocrx_word' id='word_1_370' title='bbox 848 2481 926 2546; x_wconf 89' lang='lat' dir='ltr'><em>part.</em></span> <span class='ocrx_word' id='word_1_371' title='bbox 968 2462 1109 2546; x_wconf 87' lang='lat' dir='ltr'><em>incipiens</em></span> <span class='ocrx_word' id='word_1_372' title='bbox 1130 2469 1250 2528; x_wconf 85' lang='lat' dir='ltr'><em>Romani</em></span> <span class='ocrx_word' id='word_1_373' title='bbox 1262 2464 1429 2544; x_wconf 72' lang='lat' dir='ltr'><em>Pontificio,</em></span> <span class='ocrx_word' id='word_1_374' title='bbox 1452 2467 1500 2531; x_wconf 90' lang='lat' dir='ltr'><em>ubl</em></span> <span class='ocrx_word' id='word_1_375' title='bbox 1521 2468 1682 2549; x_wconf 82' lang='lat' dir='ltr'><em>disponitur</em></span> <span class='ocrx_word' id='word_1_376' title='bbox 1703 2491 1753 2534; x_wconf 82' lang='lat' dir='ltr'><em>va·</em></span> 
     </span>
     <span class='ocr_line' id='line_1_29' title="bbox 143 2543 1755 2629; baseline 0.004 -23"><span class='ocrx_word' id='word_1_377' title='bbox 143 2569 171 2628; x_wconf 84' lang='lat'><em>3.</em></span> <span class='ocrx_word' id='word_1_378' title='bbox 194 2547 244 2611; x_wconf 88' lang='lat' dir='ltr'><em>lib.</em></span> <span class='ocrx_word' id='word_1_379' title='bbox 267 2570 294 2629; x_wconf 88' lang='grc'><em>3.</em></span> <span class='ocrx_word' id='word_1_380' title='bbox 315 2546 400 2629; x_wconf 72' lang='lat' dir='ltr'><em>decos.</em></span> <span class='ocrx_word' id='word_1_381' title='bbox 425 2549 493 2628; x_wconf 87' lang='lat'><em>582.</em></span> <span class='ocrx_word' id='word_1_382' title='bbox 515 2571 561 2610; x_wconf 93' lang='lat' dir='ltr'><em>nu.</em></span> <span class='ocrx_word' id='word_1_383' title='bbox 584 2567 612 2624; x_wconf 88' lang='lat'><em>7.</em></span> <span class='ocrx_word' id='word_1_384' title='bbox 635 2547 674 2608; x_wconf 75' lang='lat' dir='ltr'><em>(t</em></span> <span class='ocrx_word' id='word_1_385' title='bbox 696 2569 726 2625; x_wconf 86' lang='lat'><em>9.</em></span> <span class='ocrx_word' id='word_1_386' title='bbox 760 2544 929 2626; x_wconf 82' lang='lat' dir='ltr'><em>Ventriglia</em></span> <span class='ocrx_word' id='word_1_387' title='bbox 967 2543 1015 2619; x_wconf 83' lang='lat' dir='ltr'><em>se,</em></span> <span class='ocrx_word' id='word_1_388' title='bbox 1034 2563 1209 2608; x_wconf 78' lang='lat' dir='ltr'><em>ornamento</em></span> <span class='ocrx_word' id='word_1_389' title='bbox 1230 2590 1240 2621; x_wconf 91' lang='lat'><strong>‚</strong></span> <span class='ocrx_word' id='word_1_390' title='bbox 1261 2546 1459 2622; x_wconf 77' lang='lat' dir='ltr'>vestimentu,</span> <span class='ocrx_word' id='word_1_391' title='bbox 1483 2549 1514 2612; x_wconf 78' lang='grc' dir='ltr'>ἀ</span> <span class='ocrx_word' id='word_1_392' title='bbox 1534 2547 1701 2623; x_wconf 81' lang='lat' dir='ltr'><em>hujusmodi</em></span> <span class='ocrx_word' id='word_1_393' title='bbox 1723 2549 1755 2614; x_wconf 90' lang='lat' dir='ltr'><em>itt</em></span> 
     </span>
     <span class='ocr_line' id='line_1_30' title="bbox 138 2624 1754 2712; baseline 0 -24"><span class='ocrx_word' id='word_1_394' title='bbox 138 2645 204 2689; x_wconf 87' lang='lat' dir='ltr'><em>torn.</em></span> <span class='ocrx_word' id='word_1_395' title='bbox 229 2651 255 2690; x_wconf 89' lang='lat'><em>2.</em></span> <span class='ocrx_word' id='word_1_396' title='bbox 278 2646 369 2692; x_wconf 87' lang='lat' dir='ltr'><em>annot.</em></span> <span class='ocrx_word' id='word_1_397' title='bbox 394 2632 441 2692; x_wconf 87' lang='lat' dir='ltr'><em>rb.</em></span> <span class='ocrx_word' id='word_1_398' title='bbox 461 2631 489 2705; x_wconf 89' lang='lat'><em>§.</em></span> <span class='ocrx_word' id='word_1_399' title='bbox 509 2649 533 2690; x_wconf 93' lang='lat' dir='ltr'><em>t.</em></span> <span class='ocrx_word' id='word_1_400' title='bbox 554 2649 631 2688; x_wconf 86' lang='lat' dir='ltr'><em>num.</em></span> <span class='ocrx_word' id='word_1_401' title='bbox 658 2647 702 2688; x_wconf 89' lang='grc' dir='ltr'><em>ιι.</em></span> <span class='ocrx_word' id='word_1_402' title='bbox 725 2626 755 2688; x_wconf 79' lang='lat' dir='ltr'><em>br</em></span> <span class='ocrx_word' id='word_1_403' title='bbox 777 2624 846 2704; x_wconf 86' lang='lat' dir='ltr'><em>alii,</em></span> <span class='ocrx_word' id='word_1_404' title='bbox 867 2647 928 2706; x_wconf 85' lang='lat' dir='ltr'><em>arg.</em></span> <span class='ocrx_word' id='word_1_405' title='bbox 969 2624 1128 2689; x_wconf 84' lang='lat' dir='ltr'>hereditate</span> <span class='ocrx_word' id='word_1_406' title='bbox 1156 2624 1321 2688; x_wconf 78' lang='lat' dir='ltr'><em>Beneficitti</em></span> <span class='ocrx_word' id='word_1_407' title='bbox 1354 2627 1501 2704; x_wconf 86' lang='lat' dir='ltr'><em>inventa,</em></span> <span class='ocrx_word' id='word_1_408' title='bbox 1536 2650 1595 2694; x_wconf 90' lang='lat' dir='ltr'><em>non</em></span> <span class='ocrx_word' id='word_1_409' title='bbox 1626 2628 1659 2692; x_wconf 83' lang='lat' dir='ltr'><em>ud</em></span> <span class='ocrx_word' id='word_1_410' title='bbox 1691 2625 1754 2712; x_wconf 86' lang='lat' dir='ltr'><em>spo·</em></span> 
     </span>
     <span class='ocr_line' id='line_1_31' title="bbox 141 2703 1753 2792; baseline 0.002 -22"><span class='ocrx_word' id='word_1_411' title='bbox 141 2713 238 2773; x_wconf 86' lang='lat' dir='ltr'><em>citarit</em></span> <span class='ocrx_word' id='word_1_412' title='bbox 251 2707 394 2788; x_wconf 86' lang='lat' dir='ltr'><em>Juribus.</em></span> <span class='ocrx_word' id='word_1_413' title='bbox 425 2709 509 2772; x_wconf 89' lang='lat' dir='ltr'>Unde</span> <span class='ocrx_word' id='word_1_414' title='bbox 530 2728 565 2770; x_wconf 87' lang='lat' dir='ltr'><em>ex</em></span> <span class='ocrx_word' id='word_1_415' title='bbox 587 2707 750 2769; x_wconf 85' lang='lat' dir='ltr'><em>Menochio</em></span> <span class='ocrx_word' id='word_1_416' title='bbox 767 2703 819 2768; x_wconf 86' lang='lat' dir='ltr'><em>lib.</em></span> <span class='ocrx_word' id='word_1_417' title='bbox 844 2726 872 2767; x_wconf 86' lang='lat'><em>2.</em></span> <span class='ocrx_word' id='word_1_418' title='bbox 894 2707 929 2767; x_wconf 84' lang='lat' dir='ltr'><em>de</em></span> <span class='ocrx_word' id='word_1_419' title='bbox 968 2703 1041 2766; x_wconf 90' lang='lat' dir='ltr'><em>lium</em></span> <span class='ocrx_word' id='word_1_420' title='bbox 1066 2749 1075 2780; x_wconf 87' lang='lat'>‚</span> <span class='ocrx_word' id='word_1_421' title='bbox 1105 2704 1150 2768; x_wconf 90' lang='lat' dir='ltr'><em>sed</em></span> <span class='ocrx_word' id='word_1_422' title='bbox 1180 2705 1218 2767; x_wconf 83' lang='lat' dir='ltr'><em>ud</em></span> <span class='ocrx_word' id='word_1_423' title='bbox 1249 2705 1404 2770; x_wconf 71' lang='lat' dir='ltr'>Ecclesiam</span> <span class='ocrx_word' id='word_1_424' title='bbox 1435 2707 1569 2772; x_wconf 86' lang='lat' dir='ltr'><em>Beneficii</em></span> <span class='ocrx_word' id='word_1_425' title='bbox 1601 2707 1753 2792; x_wconf 70' lang='lat' dir='ltr'><em>spretore,</em></span> 
     </span>
     <span class='ocr_line' id='line_1_32' title="bbox 142 2784 1754 2870; baseline 0.002 -20"><span class='ocrx_word' id='word_1_426' title='bbox 142 2788 242 2852; x_wconf 85' lang='lat' dir='ltr'><em>arbitr.</em></span> <span class='ocrx_word' id='word_1_427' title='bbox 255 2790 353 2868; x_wconf 76' lang='lat' dir='ltr'><em>Judic.</em></span> <span class='ocrx_word' id='word_1_428' title='bbox 374 2793 448 2870; x_wconf 83' lang='lat' dir='ltr'><em>raus.</em></span> <span class='ocrx_word' id='word_1_429' title='bbox 470 2789 519 2851; x_wconf 88' lang='lat'><em>88.</em></span> <span class='ocrx_word' id='word_1_430' title='bbox 541 2811 616 2848; x_wconf 89' lang='lat' dir='ltr'><em>nunt.</em></span> <span class='ocrx_word' id='word_1_431' title='bbox 638 2785 788 2857; x_wconf 70' lang='lat' dir='ltr'><em>studius</em></span> <span class='ocrx_word' id='word_1_432' title='bbox 808 2786 928 2850; x_wconf 82' lang='lat' dir='ltr'><em>arbitrio</em></span> <span class='ocrx_word' id='word_1_433' title='bbox 968 2785 1037 2865; x_wconf 81' lang='lat' dir='ltr'><em>quio</em></span> <span class='ocrx_word' id='word_1_434' title='bbox 1058 2784 1191 2866; x_wconf 71' lang='lat' dir='ltr'><em>prodicta</em></span> <span class='ocrx_word' id='word_1_435' title='bbox 1222 2786 1402 2853; x_wconf 88' lang='lat' dir='ltr'><em>Conllitutio</em></span> <span class='ocrx_word' id='word_1_436' title='bbox 1432 2787 1563 2868; x_wconf 88' lang='lat' dir='ltr'><em>loquitur</em></span> <span class='ocrx_word' id='word_1_437' title='bbox 1584 2811 1754 2856; x_wconf 87' lang='lat' dir='ltr'><em>concurren-</em></span> 
     </span>
     <span class='ocr_line' id='line_1_33' title="bbox 139 2864 1752 2958; baseline 0 -26"><span class='ocrx_word' id='word_1_438' title='bbox 139 2871 179 2932; x_wconf 87' lang='lat' dir='ltr'><em>ell</em></span> <span class='ocrx_word' id='word_1_439' title='bbox 199 2869 442 2952; x_wconf 85' lang='lat' dir='ltr'><em>relinquendum,</em></span> <span class='ocrx_word' id='word_1_440' title='bbox 464 2887 596 2952; x_wconf 84' lang='lat' dir='ltr'><em>quaennm</em></span> <span class='ocrx_word' id='word_1_441' title='bbox 619 2868 782 2940; x_wconf 61' lang='lat' dir='ltr'><em>conkdnre</em></span> <span class='ocrx_word' id='word_1_442' title='bbox 801 2867 926 2958; x_wconf 79' lang='lat' dir='ltr'>edprae·</span> <span class='ocrx_word' id='word_1_443' title='bbox 969 2882 998 2928; x_wconf 92' lang='lat' dir='ltr'><em>te</em></span> <span class='ocrx_word' id='word_1_444' title='bbox 1020 2865 1146 2930; x_wconf 82' lang='lat' dir='ltr'><em>Eccleliu</em></span> <span class='ocrx_word' id='word_1_445' title='bbox 1166 2864 1272 2929; x_wconf 89' lang='lat' dir='ltr'><em>cums</em></span> <span class='ocrx_word' id='word_1_446' title='bbox 1308 2866 1376 2946; x_wconf 87' lang='lat' dir='ltr'><em>lin,</em></span> <span class='ocrx_word' id='word_1_447' title='bbox 1428 2869 1483 2931; x_wconf 91' lang='lat' dir='ltr'><em>uod</em></span> <span class='ocrx_word' id='word_1_448' title='bbox 1503 2890 1569 2932; x_wconf 87' lang='lat' dir='ltr'><em>eum</em></span> <span class='ocrx_word' id='word_1_449' title='bbox 1601 2869 1668 2934; x_wconf 78' lang='lat' dir='ltr'><em>ficto</em></span> <span class='ocrx_word' id='word_1_450' title='bbox 1688 2891 1752 2951; x_wconf 92' lang='lat' dir='ltr'><em>per-</em></span> 
     </span>
     <span class='ocr_line' id='line_1_34' title="bbox 137 2889 1755 3030; baseline 0.003 -25"><span class='ocrx_word' id='word_1_451' title='bbox 137 2947 306 3014; x_wconf 69' lang='lat' dir='ltr'>sumendam</span> <span class='ocrx_word' id='word_1_452' title='bbox 328 2951 512 3014; x_wconf 67' lang='lat' dir='ltr'><em>donationem</em></span> <span class='ocrx_word' id='word_1_453' title='bbox 536 2944 677 3022; x_wconf 82' lang='lat' dir='ltr'><em>sufficiat,</em></span> <span class='ocrx_word' id='word_1_454' title='bbox 698 2947 768 3026; x_wconf 81' lang='lat' dir='ltr'><em>quin</em></span> <span class='ocrx_word' id='word_1_455' title='bbox 786 2944 927 3018; x_wconf 66' lang='lat' dir='ltr'><em>connubiu-</em></span> <span class='ocrx_word' id='word_1_456' title='bbox 970 2943 1039 3010; x_wconf 82' lang='lat' dir='ltr'><em>sunu</em></span> <span class='ocrx_word' id='word_1_457' title='bbox 1060 2945 1120 3022; x_wconf 88' lang='lat' dir='ltr'><em>fit,</em></span> <span class='ocrx_word' id='word_1_458' title='bbox 1142 2947 1173 3010; x_wconf 79' lang='grc' dir='ltr'><em>δι</em></span> <span class='ocrx_word' id='word_1_459' title='bbox 1192 2946 1321 3021; x_wconf 84' lang='lat' dir='ltr'><em>odioa,</em></span> <span class='ocrx_word' id='word_1_460' title='bbox 1354 2889 1579 3030; x_wconf 77' lang='lat' dir='ltr'><em>prniumendurn</em></span> <span class='ocrx_word' id='word_1_461' title='bbox 1600 2951 1637 3012; x_wconf 84' lang='lat' dir='ltr'><em>est</em></span> <span class='ocrx_word' id='word_1_462' title='bbox 1658 2949 1755 3014; x_wconf 85' lang='lat' dir='ltr'><em>deiun-</em></span> 
     </span>
     <span class='ocr_line' id='line_1_35' title="bbox 138 3023 1756 3126; baseline 0.001 -35"><span class='ocrx_word' id='word_1_463' title='bbox 138 3051 177 3092; x_wconf 83' lang='grc' dir='ltr'><em>ιιι</em></span> <span class='ocrx_word' id='word_1_464' title='bbox 199 3030 228 3091; x_wconf 89' lang='lat' dir='ltr'><em>in</em></span> <span class='ocrx_word' id='word_1_465' title='bbox 244 3027 325 3110; x_wconf 72' lang='lat' dir='ltr'><em>¹stilo</em></span> <span class='ocrx_word' id='word_1_466' title='bbox 346 3031 527 3102; x_wconf 80' lang='lat' dir='ltr'><em>confilium,</em></span> <span class='ocrx_word' id='word_1_467' title='bbox 556 3048 662 3110; x_wconf 83' lang='lat' dir='ltr'><em>argum.</em></span> <span class='ocrx_word' id='word_1_468' title='bbox 685 3027 707 3085; x_wconf 87' lang='lat' dir='ltr'><em>l.</em></span> <span class='ocrx_word' id='word_1_469' title='bbox 729 3025 784 3088; x_wconf 77' lang='lat' dir='ltr'>Sed</span> <span class='ocrx_word' id='word_1_470' title='bbox 811 3023 842 3101; x_wconf 78' lang='lat' dir='ltr'><em>fi</em></span> <span class='ocrx_word' id='word_1_471' title='bbox 866 3029 930 3107; x_wconf 82' lang='lat' dir='ltr'><em>quis</em></span> <span class='ocrx_word' id='word_1_472' title='bbox 969 3025 1046 3089; x_wconf 73' lang='lat' dir='ltr'><em>dum</em></span> <span class='ocrx_word' id='word_1_473' title='bbox 1069 3024 1225 3091; x_wconf 79' lang='lat' dir='ltr'><em>Eccleliem</em></span> <span class='ocrx_word' id='word_1_474' title='bbox 1247 3026 1339 3112; x_wconf 85' lang='lat' dir='ltr'><em>spolio</em></span> <span class='ocrx_word' id='word_1_475' title='bbox 1361 3027 1486 3126; x_wconf 83' lang='lat' dir='ltr'><em>praeierre</em></span> <span class='ocrx_word' id='word_1_476' title='bbox 1507 3029 1653 3102; x_wconf 78' lang='lat' dir='ltr'><em>voluilie5</em></span> <span class='ocrx_word' id='word_1_477' title='bbox 1685 3031 1756 3092; x_wconf 90' lang='lat' dir='ltr'><em>Non</em></span> 
     </span>
     <span class='ocr_line' id='line_1_36' title="bbox 146 3105 1755 3193; baseline 0.001 -22"><span class='ocrx_word' id='word_1_478' title='bbox 146 3132 194 3188; x_wconf 72' lang='grc' dir='ltr'><em>ιι.</em></span> <span class='ocrx_word' id='word_1_479' title='bbox 215 3111 246 3189; x_wconf 89' lang='lat'><em>§.</em></span> <span class='ocrx_word' id='word_1_480' title='bbox 267 3132 297 3192; x_wconf 89' lang='lat'><em>7.</em></span> <span class='ocrx_word' id='word_1_481' title='bbox 314 3109 354 3189; x_wconf 81' lang='lat' dir='ltr'><em>ff.</em></span> <span class='ocrx_word' id='word_1_482' title='bbox 377 3115 413 3176; x_wconf 79' lang='lat' dir='ltr'><em>de</em></span> <span class='ocrx_word' id='word_1_483' title='bbox 433 3105 612 3193; x_wconf 79' lang='lat' dir='ltr'><em>Religiofis‚</em></span> <span class='ocrx_word' id='word_1_484' title='bbox 652 3105 691 3170; x_wconf 72' lang='lat' dir='ltr'><em>(t</em></span> <span class='ocrx_word' id='word_1_485' title='bbox 707 3105 867 3190; x_wconf 75' lang='lat' dir='ltr'><em>sumptibus</em></span> <span class='ocrx_word' id='word_1_486' title='bbox 882 3108 930 3186; x_wconf 74' lang='lat' dir='ltr'><em>fu·</em></span> <span class='ocrx_word' id='word_1_487' title='bbox 972 3125 1070 3172; x_wconf 84' lang='lat' dir='ltr'><em>autern</em></span> <span class='ocrx_word' id='word_1_488' title='bbox 1109 3107 1239 3190; x_wconf 88' lang='lat' dir='ltr'><em>loquitur</em></span> <span class='ocrx_word' id='word_1_489' title='bbox 1272 3107 1450 3174; x_wconf 88' lang='lat' dir='ltr'><em>Conllttutio</em></span> <span class='ocrx_word' id='word_1_490' title='bbox 1483 3127 1668 3176; x_wconf 85' lang='lat' dir='ltr'><em>concurrente</em></span> <span class='ocrx_word' id='word_1_491' title='bbox 1700 3111 1755 3173; x_wconf 90' lang='lat' dir='ltr'><em>Ec-</em></span> 
     </span>
     <span class='ocr_line' id='line_1_37' title="bbox 140 3187 1790 3264; baseline -0.001 -12"><span class='ocrx_word' id='word_1_492' title='bbox 140 3213 254 3256; x_wconf 81' lang='lat' dir='ltr'><em>nsrunt.</em></span> <span class='ocrx_word' id='word_1_493' title='bbox 972 3187 1055 3252; x_wconf 78' lang='lat' dir='ltr'><em>cleia</em></span> <span class='ocrx_word' id='word_1_494' title='bbox 1074 3207 1141 3252; x_wconf 85' lang='lat' dir='ltr'><em>cum</em></span> <span class='ocrx_word' id='word_1_495' title='bbox 1162 3187 1290 3264; x_wconf 85' lang='lat' dir='ltr'>herede,</span> <span class='ocrx_word' id='word_1_496' title='bbox 1321 3207 1354 3252; x_wconf 91' lang='lat' dir='ltr'><em>ut</em></span> <span class='ocrx_word' id='word_1_497' title='bbox 1386 3191 1414 3252; x_wconf 88' lang='lat' dir='ltr'><em>in</em></span> <span class='ocrx_word' id='word_1_498' title='bbox 1438 3189 1502 3256; x_wconf 81' lang='lat' dir='ltr'><em>cusu</em></span> <span class='ocrx_word' id='word_1_499' title='bbox 1521 3191 1641 3257; x_wconf 77' lang='lat' dir='ltr'><em>nostro.</em></span> <span class='ocrx_word' id='word_1_500' title='bbox 1674 3189 1790 3254; x_wconf 86' lang='lat' dir='ltr'>Unde.</span> 
     </span>
    </p>

    <p class='ocr_par' dir='ltr' id='par_1_7' title="bbox 74 3265 1817 4566">
     <span class='ocr_line' id='line_1_38' title="bbox 74 3265 1757 3350; baseline 0.001 -19"><span class='ocrx_word' id='word_1_501' title='bbox 74 3267 117 3332; x_wconf 80' lang='lat'><em>18</em></span> <span class='ocrx_word' id='word_1_502' title='bbox 186 3270 220 3333; x_wconf 92' lang='lat' dir='ltr'><em>ln</em></span> <span class='ocrx_word' id='word_1_503' title='bbox 242 3271 328 3336; x_wconf 86' lang='lat' dir='ltr'><em>dubio</em></span> <span class='ocrx_word' id='word_1_504' title='bbox 348 3290 446 3338; x_wconf 83' lang='lat' dir='ltr'>autem</span> <span class='ocrx_word' id='word_1_505' title='bbox 469 3316 479 3350; x_wconf 90' lang='lat'>,</span> <span class='ocrx_word' id='word_1_506' title='bbox 501 3290 559 3336; x_wconf 89' lang='lat' dir='ltr'><em>non</em></span> <span class='ocrx_word' id='word_1_507' title='bbox 582 3268 813 3334; x_wconf 80' lang='lat' dir='ltr'><em>concurrentibus</em></span> <span class='ocrx_word' id='word_1_508' title='bbox 834 3265 927 3350; x_wconf 78' lang='lat' dir='ltr'><em>supro·</em></span> <span class='ocrx_word' id='word_1_509' title='bbox 970 3289 1037 3333; x_wconf 87' lang='lat' dir='ltr'><em>curn</em></span> <span class='ocrx_word' id='word_1_510' title='bbox 1061 3268 1146 3334; x_wconf 83' lang='lat' dir='ltr'><em>fimus</em></span> <span class='ocrx_word' id='word_1_511' title='bbox 1168 3266 1449 3348; x_wconf 71' lang='lat' dir='ltr'><em>intinctionis,</em></span> <span class='ocrx_word' id='word_1_512' title='bbox 1480 3291 1539 3332; x_wconf 90' lang='lat' dir='ltr'><em>non</em></span> <span class='ocrx_word' id='word_1_513' title='bbox 1569 3273 1607 3335; x_wconf 88' lang='lat' dir='ltr'><em>ell</em></span> <span class='ocrx_word' id='word_1_514' title='bbox 1628 3270 1757 3336; x_wconf 78' lang='lat' dir='ltr'><em>iaciendo</em></span> 
     </span>
     <span class='ocr_line' id='line_1_39' title="bbox 140 3348 1757 3438; baseline -0.001 -22"><span class='ocrx_word' id='word_1_515' title='bbox 140 3350 247 3425; x_wconf 77' lang='lat' dir='ltr'><em>diuis,</em></span> <span class='ocrx_word' id='word_1_516' title='bbox 269 3353 340 3416; x_wconf 83' lang='lat' dir='ltr'><em>tulin</em></span> <span class='ocrx_word' id='word_1_517' title='bbox 359 3352 445 3430; x_wconf 77' lang='lat' dir='ltr'><em>vost,</em></span> <span class='ocrx_word' id='word_1_518' title='bbox 467 3368 665 3425; x_wconf 78' lang='lat' dir='ltr'>omemenut,</span> <span class='ocrx_word' id='word_1_519' title='bbox 689 3351 878 3425; x_wconf 80' lang='lat' dir='ltr'>vestimenta,</span> <span class='ocrx_word' id='word_1_520' title='bbox 899 3350 930 3413; x_wconf 79' lang='grc' dir='ltr'><em>δι</em></span> <span class='ocrx_word' id='word_1_521' title='bbox 970 3349 1122 3424; x_wconf 75' lang='lat' dir='ltr'><em>extensio,</em></span> <span class='ocrx_word' id='word_1_522' title='bbox 1154 3348 1188 3412; x_wconf 92' lang='lat' dir='ltr'><em>de</em></span> <span class='ocrx_word' id='word_1_523' title='bbox 1210 3370 1267 3413; x_wconf 89' lang='lat' dir='ltr'><em>utto</em></span> <span class='ocrx_word' id='word_1_524' title='bbox 1288 3351 1323 3413; x_wconf 79' lang='lat' dir='ltr'><em>ud</em></span> <span class='ocrx_word' id='word_1_525' title='bbox 1345 3350 1435 3414; x_wconf 83' lang='lat' dir='ltr'><em>ellum</em></span> <span class='ocrx_word' id='word_1_526' title='bbox 1457 3348 1552 3414; x_wconf 82' lang='lat' dir='ltr'><em>casum</em></span> <span class='ocrx_word' id='word_1_527' title='bbox 1572 3395 1581 3427; x_wconf 90' lang='lat'>‚</span> <span class='ocrx_word' id='word_1_528' title='bbox 1604 3369 1662 3434; x_wconf 89' lang='lat' dir='ltr'><em>cap.</em></span> <span class='ocrx_word' id='word_1_529' title='bbox 1681 3358 1757 3438; x_wconf 69' lang='lat' dir='ltr'><em>Quo</em></span> 
     </span>
     <span class='ocr_line' id='line_1_40' title="bbox 140 3428 1757 3515; baseline -0.001 -19"><span class='ocrx_word' id='word_1_530' title='bbox 140 3428 310 3505; x_wconf 83' lang='lat' dir='ltr'><em>ltuiusmndi</em></span> <span class='ocrx_word' id='word_1_531' title='bbox 332 3431 457 3515; x_wconf 71' lang='lat' dir='ltr'><em>speilant</em></span> <span class='ocrx_word' id='word_1_532' title='bbox 490 3433 527 3496; x_wconf 80' lang='lat' dir='ltr'><em>ed</em></span> <span class='ocrx_word' id='word_1_533' title='bbox 547 3431 662 3495; x_wconf 90' lang='lat' dir='ltr'>heredes</span> <span class='ocrx_word' id='word_1_534' title='bbox 692 3431 742 3496; x_wconf 82' lang='lat' dir='ltr'><em>ab.</em></span> <span class='ocrx_word' id='word_1_535' title='bbox 764 3429 930 3502; x_wconf 82' lang='lat' dir='ltr'><em>iutelloto;</em></span> <span class='ocrx_word' id='word_1_536' title='bbox 968 3457 987 3492; x_wconf 94' lang='lat' dir='ltr'><em>a</em></span> <span class='ocrx_word' id='word_1_537' title='bbox 1001 3436 1071 3512; x_wconf 83' lang='lat' dir='ltr'><em>Jore</em></span> <span class='ocrx_word' id='word_1_538' title='bbox 1093 3429 1141 3492; x_wconf 81' lang='lat' dir='ltr'><em>os.</em></span> <span class='ocrx_word' id='word_1_539' title='bbox 1161 3428 1196 3490; x_wconf 79' lang='lat' dir='ltr'><em>de</em></span> <span class='ocrx_word' id='word_1_540' title='bbox 1217 3433 1420 3512; x_wconf 68' lang='lat' dir='ltr'><em>Regnijuris,</em></span> <span class='ocrx_word' id='word_1_541' title='bbox 1441 3433 1472 3496; x_wconf 74' lang='grc' dir='ltr'><em>δι</em></span> <span class='ocrx_word' id='word_1_542' title='bbox 1494 3432 1534 3494; x_wconf 89' lang='lat' dir='ltr'><em>ibi</em></span> <span class='ocrx_word' id='word_1_543' title='bbox 1556 3432 1654 3496; x_wconf 84' lang='lat' dir='ltr'><em>Gloslt</em></span> <span class='ocrx_word' id='word_1_544' title='bbox 1674 3453 1757 3495; x_wconf 85' lang='lat' dir='ltr'><em>cont·</em></span> 
     </span>
     <span class='ocr_line' id='line_1_41' title="bbox 145 3508 1758 3596; baseline 0.001 -22"><span class='ocrx_word' id='word_1_545' title='bbox 145 3513 185 3575; x_wconf 86' lang='lat' dir='ltr'><em>fic</em></span> <span class='ocrx_word' id='word_1_546' title='bbox 207 3513 328 3595; x_wconf 82' lang='lat' dir='ltr'><em>etptelle</em></span> <span class='ocrx_word' id='word_1_547' title='bbox 357 3513 486 3596; x_wconf 87' lang='lat' dir='ltr'><em>pluribus</em></span> <span class='ocrx_word' id='word_1_548' title='bbox 516 3511 642 3576; x_wconf 74' lang='lat' dir='ltr'><em>udduills</em></span> <span class='ocrx_word' id='word_1_549' title='bbox 663 3509 788 3576; x_wconf 82' lang='lat' dir='ltr'>defendit</span> <span class='ocrx_word' id='word_1_550' title='bbox 809 3509 928 3572; x_wconf 87' lang='lat' dir='ltr'><em>Ventri·</em></span> <span class='ocrx_word' id='word_1_551' title='bbox 970 3512 1098 3586; x_wconf 86' lang='lat' dir='ltr'><em>munitet</em></span> <span class='ocrx_word' id='word_1_552' title='bbox 1119 3526 1236 3594; x_wconf 82' lang='lat' dir='ltr'><em>recepto</em></span> <span class='ocrx_word' id='word_1_553' title='bbox 1255 3508 1333 3573; x_wconf 85' lang='lat' dir='ltr'><em>verb.</em></span> <span class='ocrx_word' id='word_1_554' title='bbox 1354 3517 1426 3596; x_wconf 72' lang='lat' dir='ltr'><em>Qua</em></span> <span class='ocrx_word' id='word_1_555' title='bbox 1448 3537 1466 3574; x_wconf 88' lang='lat' dir='ltr'><em>a</em></span> <span class='ocrx_word' id='word_1_556' title='bbox 1480 3517 1549 3592; x_wconf 85' lang='lat' dir='ltr'><em>Jure</em></span> <span class='ocrx_word' id='word_1_557' title='bbox 1570 3557 1578 3589; x_wconf 95' lang='lat'><strong>‚</strong></span> <span class='ocrx_word' id='word_1_558' title='bbox 1602 3513 1650 3575; x_wconf 89' lang='lat' dir='ltr'><em>ubi</em></span> <span class='ocrx_word' id='word_1_559' title='bbox 1672 3512 1708 3575; x_wconf 82' lang='lat' dir='ltr'><em>ad</em></span> <span class='ocrx_word' id='word_1_560' title='bbox 1729 3509 1758 3575; x_wconf 89' lang='lat' dir='ltr'><em>id</em></span> 
     </span>
     <span class='ocr_line' id='line_1_42' title="bbox 142 3589 1760 3678; baseline 0.001 -26"><span class='ocrx_word' id='word_1_561' title='bbox 142 3593 206 3675; x_wconf 79' lang='lat' dir='ltr'><em>glia</em></span> <span class='ocrx_word' id='word_1_562' title='bbox 225 3595 274 3656; x_wconf 85' lang='lat' dir='ltr'><em>lor.</em></span> <span class='ocrx_word' id='word_1_563' title='bbox 297 3597 344 3657; x_wconf 88' lang='lat' dir='ltr'><em>cit.</em></span> <span class='ocrx_word' id='word_1_564' title='bbox 366 3617 384 3654; x_wconf 88' lang='lat' dir='ltr'><em>a</em></span> <span class='ocrx_word' id='word_1_565' title='bbox 413 3617 459 3658; x_wconf 88' lang='lat' dir='ltr'><em>nu.</em></span> <span class='ocrx_word' id='word_1_566' title='bbox 484 3615 529 3656; x_wconf 88' lang='lat'><em>12.</em></span> <span class='ocrx_word' id='word_1_567' title='bbox 550 3595 589 3654; x_wconf 83' lang='lat' dir='ltr'><em>ad</em></span> <span class='ocrx_word' id='word_1_568' title='bbox 612 3591 658 3654; x_wconf 88' lang='lat'><em>18.</em></span> <span class='ocrx_word' id='word_1_569' title='bbox 680 3593 728 3656; x_wconf 91' lang='lat' dir='ltr'><em>ubi</em></span> <span class='ocrx_word' id='word_1_570' title='bbox 758 3593 875 3657; x_wconf 80' lang='lat' dir='ltr'><em>testatur</em></span> <span class='ocrx_word' id='word_1_571' title='bbox 896 3591 931 3654; x_wconf 84' lang='lat' dir='ltr'><em>fic</em></span> <span class='ocrx_word' id='word_1_572' title='bbox 972 3589 1055 3674; x_wconf 80' lang='lat' dir='ltr'><em>pluro</em></span> <span class='ocrx_word' id='word_1_573' title='bbox 1075 3590 1143 3662; x_wconf 81' lang='lat' dir='ltr'><em>Iuro</em></span> <span class='ocrx_word' id='word_1_574' title='bbox 1163 3589 1296 3666; x_wconf 77' lang='lat' dir='ltr'><em>adducit,</em></span> <span class='ocrx_word' id='word_1_575' title='bbox 1317 3592 1339 3653; x_wconf 87' lang='lat' dir='ltr'><em>l.</em></span> <span class='ocrx_word' id='word_1_576' title='bbox 1359 3592 1445 3678; x_wconf 73' lang='lat' dir='ltr'><em>Quod</em></span> <span class='ocrx_word' id='word_1_577' title='bbox 1463 3613 1555 3656; x_wconf 80' lang='lat' dir='ltr'><em>contra</em></span> <span class='ocrx_word' id='word_1_578' title='bbox 1581 3613 1647 3670; x_wconf 85' lang='lat'><strong>¹4¹·</strong></span> <span class='ocrx_word' id='word_1_579' title='bbox 1662 3593 1702 3670; x_wconf 77' lang='lat' dir='ltr'><em>ffi</em></span> <span class='ocrx_word' id='word_1_580' title='bbox 1723 3594 1760 3655; x_wconf 84' lang='lat' dir='ltr'><em>de</em></span> 
     </span>
     <span class='ocr_line' id='line_1_43' title="bbox 139 3669 1757 3754; baseline 0.001 -20"><span class='ocrx_word' id='word_1_581' title='bbox 139 3672 313 3754; x_wconf 78' lang='lat' dir='ltr'><em>respnndilie</em></span> <span class='ocrx_word' id='word_1_582' title='bbox 334 3673 363 3735; x_wconf 90' lang='lat' dir='ltr'><em>in</em></span> <span class='ocrx_word' id='word_1_583' title='bbox 384 3672 450 3738; x_wconf 77' lang='lat' dir='ltr'><em>sorti</em></span> <span class='ocrx_word' id='word_1_584' title='bbox 474 3672 675 3752; x_wconf 80' lang='lat' dir='ltr'><em>contingentia</em></span> <span class='ocrx_word' id='word_1_585' title='bbox 692 3716 705 3750; x_wconf 21' lang='lat'><em>⁸,</em></span> <span class='ocrx_word' id='word_1_586' title='bbox 727 3672 759 3735; x_wconf 81' lang='lat' dir='ltr'><em>bu</em></span> <span class='ocrx_word' id='word_1_587' title='bbox 779 3669 929 3735; x_wconf 83' lang='lat' dir='ltr'>secundum</span> <span class='ocrx_word' id='word_1_588' title='bbox 971 3679 1015 3734; x_wconf 81' lang='lat' dir='ltr'>Re</span> <span class='ocrx_word' id='word_1_589' title='bbox 1034 3672 1178 3752; x_wconf 76' lang='lat' dir='ltr'><em>ulJuris,</em></span> <span class='ocrx_word' id='word_1_590' title='bbox 1200 3691 1266 3734; x_wconf 92' lang='lat' dir='ltr'><em>cum</em></span> <span class='ocrx_word' id='word_1_591' title='bbox 1282 3673 1439 3747; x_wconf 73' lang='lat' dir='ltr'><em>fimffibus,</em></span> <span class='ocrx_word' id='word_1_592' title='bbox 1461 3675 1590 3738; x_wconf 83' lang='lat' dir='ltr'>maxime</span> <span class='ocrx_word' id='word_1_593' title='bbox 1609 3694 1675 3736; x_wconf 91' lang='lat' dir='ltr'><em>curn</em></span> <span class='ocrx_word' id='word_1_594' title='bbox 1698 3693 1757 3734; x_wconf 91' lang='lat' dir='ltr'><em>non</em></span> 
     </span>
     <span class='ocr_line' id='line_1_44' title="bbox 141 3696 1758 3832; baseline 0.001 -18"><span class='ocrx_word' id='word_1_595' title='bbox 141 3751 229 3816; x_wconf 84' lang='lat' dir='ltr'><em>suum</em></span> <span class='ocrx_word' id='word_1_596' title='bbox 259 3774 363 3818; x_wconf 88' lang='lat' dir='ltr'><em>votum</em></span> <span class='ocrx_word' id='word_1_597' title='bbox 387 3754 423 3817; x_wconf 86' lang='lat' dir='ltr'><em>lic</em></span> <span class='ocrx_word' id='word_1_598' title='bbox 443 3753 522 3818; x_wconf 87' lang='lat' dir='ltr'><em>t&#39;u&#39;rsle</em></span> <span class='ocrx_word' id='word_1_599' title='bbox 552 3754 710 3826; x_wconf 81' lang='lat' dir='ltr'><em>iudicatum</em></span> <span class='ocrx_word' id='word_1_600' title='bbox 741 3752 775 3816; x_wconf 86' lang='lat' dir='ltr'><em>¹in</em></span> <span class='ocrx_word' id='word_1_601' title='bbox 805 3753 930 3832; x_wconf 78' lang='lat' dir='ltr'>quadem</span> <span class='ocrx_word' id='word_1_602' title='bbox 972 3696 1084 3816; x_wconf 81' lang='lat' dir='ltr'><em>miiitat</em></span> <span class='ocrx_word' id='word_1_603' title='bbox 1104 3752 1202 3814; x_wconf 84' lang='lat' dir='ltr'>eadem</span> <span class='ocrx_word' id='word_1_604' title='bbox 1225 3751 1328 3826; x_wconf 81' lang='lat' dir='ltr'><em>tuti03</em></span> <span class='ocrx_word' id='word_1_605' title='bbox 1357 3756 1385 3817; x_wconf 87' lang='lat' dir='ltr'>A</span> <span class='ocrx_word' id='word_1_606' title='bbox 1410 3753 1526 3820; x_wconf 87' lang='lat' dir='ltr'><em>diverfis</em></span> <span class='ocrx_word' id='word_1_607' title='bbox 1546 3753 1622 3818; x_wconf 90' lang='lat' dir='ltr'><em>enirn</em></span> <span class='ocrx_word' id='word_1_608' title='bbox 1645 3775 1701 3817; x_wconf 91' lang='lat' dir='ltr'><em>non</em></span> <span class='ocrx_word' id='word_1_609' title='bbox 1722 3751 1758 3816; x_wconf 82' lang='lat' dir='ltr'><em>fit</em></span> 
     </span>
     <span class='ocr_line' id='line_1_45' title="bbox 139 3831 1758 3918; baseline 0.002 -25"><span class='ocrx_word' id='word_1_610' title='bbox 139 3833 239 3898; x_wconf 76' lang='lat' dir='ltr'><em>Curia</em></span> <span class='ocrx_word' id='word_1_611' title='bbox 268 3833 432 3918; x_wconf 79' lang='lat' dir='ltr'><em>Episcoptli</em></span> <span class='ocrx_word' id='word_1_612' title='bbox 463 3855 521 3916; x_wconf 92' lang='lat' dir='ltr'><em>quo</em></span> <span class='ocrx_word' id='word_1_613' title='bbox 542 3834 594 3898; x_wconf 75' lang='lat' dir='ltr'><em>ud</em></span> <span class='ocrx_word' id='word_1_614' title='bbox 612 3833 774 3915; x_wconf 83' lang='lat' dir='ltr'>sequentem</span> <span class='ocrx_word' id='word_1_615' title='bbox 804 3831 931 3897; x_wconf 84' lang='lat' dir='ltr'><em>culum.</em></span> <span class='ocrx_word' id='word_1_616' title='bbox 974 3833 1088 3903; x_wconf 82' lang='lat' dir='ltr'><em>illati03</em></span> <span class='ocrx_word' id='word_1_617' title='bbox 1108 3833 1133 3892; x_wconf 89' lang='lat' dir='ltr'><em>l..</em></span> <span class='ocrx_word' id='word_1_618' title='bbox 1150 3835 1324 3916; x_wconf 80' lang='lat' dir='ltr'><em>Papinianus</em></span> <span class='ocrx_word' id='word_1_619' title='bbox 1345 3857 1394 3897; x_wconf 79' lang='grc' dir='ltr'><em>ιο.</em></span> <span class='ocrx_word' id='word_1_620' title='bbox 1410 3834 1448 3910; x_wconf 73' lang='lat' dir='ltr'><em>ffi</em></span> <span class='ocrx_word' id='word_1_621' title='bbox 1471 3839 1517 3896; x_wconf 83' lang='lat' dir='ltr'><em>De</em></span> <span class='ocrx_word' id='word_1_622' title='bbox 1536 3833 1712 3908; x_wconf 78' lang='lat' dir='ltr'><em>Minuibus,</em></span> <span class='ocrx_word' id='word_1_623' title='bbox 1734 3856 1758 3896; x_wconf 88' lang='lat' dir='ltr'><em>o.</em></span> 
     </span>
     <span class='ocr_line' id='line_1_46' title="bbox 140 3912 1760 3998; baseline 0 -23"><span class='ocrx_word' id='word_1_624' title='bbox 140 3918 324 3979; x_wconf 81' lang='lat' dir='ltr'><em>Reuerendus</em></span> <span class='ocrx_word' id='word_1_625' title='bbox 343 3916 478 3998; x_wconf 77' lang='lat' dir='ltr'><em>quondum</em></span> <span class='ocrx_word' id='word_1_626' title='bbox 501 3920 540 3978; x_wconf 88' lang='grc' dir='ltr'><em>Ν.</em></span> <span class='ocrx_word' id='word_1_627' title='bbox 563 3919 603 3980; x_wconf 90' lang='grc' dir='ltr'><em>Ν.</em></span> <span class='ocrx_word' id='word_1_628' title='bbox 626 3915 691 3976; x_wconf 85' lang='lat' dir='ltr'><em>dum</em></span> <span class='ocrx_word' id='word_1_629' title='bbox 712 3917 847 3988; x_wconf 81' lang='lat' dir='ltr'><em>vinens,</em></span> <span class='ocrx_word' id='word_1_630' title='bbox 869 3915 937 3977; x_wconf 88' lang='lat' dir='ltr'><em>emir</em></span> <span class='ocrx_word' id='word_1_631' title='bbox 975 3913 1025 3976; x_wconf 75' lang='lat' dir='ltr'><em>Ab</em></span> <span class='ocrx_word' id='word_1_632' title='bbox 1043 3912 1213 3977; x_wconf 79' lang='lat' dir='ltr'><em>audientium</em></span> <span class='ocrx_word' id='word_1_633' title='bbox 1238 3933 1285 3976; x_wconf 88' lang='lat'><em>12.</em></span> <span class='ocrx_word' id='word_1_634' title='bbox 1307 3916 1342 3976; x_wconf 83' lang='lat' dir='ltr'><em>de</em></span> <span class='ocrx_word' id='word_1_635' title='bbox 1363 3919 1516 3990; x_wconf 79' lang='lat' dir='ltr'><em>Decimio,</em></span> <span class='ocrx_word' id='word_1_636' title='bbox 1545 3915 1581 3978; x_wconf 81' lang='lat' dir='ltr'><em>ad</em></span> <span class='ocrx_word' id='word_1_637' title='bbox 1612 3913 1670 3980; x_wconf 85' lang='lat' dir='ltr'>lete</span> <span class='ocrx_word' id='word_1_638' title='bbox 1702 3931 1760 3976; x_wconf 84' lang='lat' dir='ltr'><em>tte·</em></span> 
     </span>
     <span class='ocr_line' id='line_1_47' title="bbox 139 3995 1804 4080; baseline 0 -24"><span class='ocrx_word' id='word_1_639' title='bbox 139 3997 187 4057; x_wconf 85' lang='lat' dir='ltr'><em>ad</em></span> <span class='ocrx_word' id='word_1_640' title='bbox 202 3998 287 4076; x_wconf 82' lang='lat' dir='ltr'><em>suurn</em></span> <span class='ocrx_word' id='word_1_641' title='bbox 305 4003 446 4078; x_wconf 86' lang='lat' dir='ltr'><em>proprium</em></span> <span class='ocrx_word' id='word_1_642' title='bbox 462 4000 608 4080; x_wconf 83' lang='lat' dir='ltr'><em>privarunt</em></span> <span class='ocrx_word' id='word_1_643' title='bbox 628 3998 739 4074; x_wconf 86' lang='lat' dir='ltr'><em>usum,</em></span> <span class='ocrx_word' id='word_1_644' title='bbox 762 3995 935 4058; x_wconf 75' lang='lat' dir='ltr'><em>&amp;commo</em></span> <span class='ocrx_word' id='word_1_645' title='bbox 976 3996 1039 4058; x_wconf 81' lang='lat' dir='ltr'><em>dita</em></span> <span class='ocrx_word' id='word_1_646' title='bbox 1060 4013 1108 4072; x_wconf 90' lang='lat' dir='ltr'><em>per</em></span> <span class='ocrx_word' id='word_1_647' title='bbox 1130 3995 1309 4058; x_wconf 80' lang='lat' dir='ltr'>Everardum</span> <span class='ocrx_word' id='word_1_648' title='bbox 1343 3998 1373 4058; x_wconf 90' lang='lat' dir='ltr'><em>in</em></span> <span class='ocrx_word' id='word_1_649' title='bbox 1397 3998 1453 4078; x_wconf 91' lang='lat' dir='ltr'><em>sua</em></span> <span class='ocrx_word' id='word_1_650' title='bbox 1471 3999 1573 4080; x_wconf 84' lang='lat' dir='ltr'><em>Topica</em></span> <span class='ocrx_word' id='word_1_651' title='bbox 1593 3996 1650 4060; x_wconf 84' lang='lat' dir='ltr'><em>loro</em></span> <span class='ocrx_word' id='word_1_652' title='bbox 1670 4020 1689 4057; x_wconf 86' lang='lat' dir='ltr'><em>u</em></span> <span class='ocrx_word' id='word_1_653' title='bbox 1716 4015 1759 4056; x_wconf 87' lang='lat' dir='ltr'><em>tu·</em></span> <span class='ocrx_word' id='word_1_654' title='bbox 1788 4031 1804 4040; x_wconf 49' lang='grc' dir='ltr'><strong>ι</strong></span> 
     </span>
     <span class='ocr_line' id='line_1_48' title="bbox 139 4075 1398 4159; baseline 0.002 -21"><span class='ocrx_word' id='word_1_655' title='bbox 139 4075 268 4138; x_wconf 77' lang='lat' dir='ltr'><em>ditatum</em></span> <span class='ocrx_word' id='word_1_656' title='bbox 289 4081 518 4159; x_wconf 85' lang='lat' dir='ltr'><em>nonnullavasa,</em></span> <span class='ocrx_word' id='word_1_657' title='bbox 539 4093 716 4147; x_wconf 81' lang='lat' dir='ltr'><em>ornamenta,</em></span> <span class='ocrx_word' id='word_1_658' title='bbox 740 4077 932 4155; x_wconf 67' lang='lat' dir='ltr'><em>(investimur</em></span> <span class='ocrx_word' id='word_1_659' title='bbox 973 4080 1045 4141; x_wconf 87' lang='lat' dir='ltr'><em>tione</em></span> <span class='ocrx_word' id='word_1_660' title='bbox 1065 4075 1134 4158; x_wconf 81' lang='lat' dir='ltr'><em>legis</em></span> <span class='ocrx_word' id='word_1_661' title='bbox 1159 4077 1222 4140; x_wconf 64' lang='lat' dir='ltr'><em>(tr.</em></span> <span class='ocrx_word' id='word_1_662' title='bbox 1236 4076 1289 4154; x_wconf 80' lang='lat' dir='ltr'><em>sol.</em></span> <span class='ocrx_word' id='word_1_663' title='bbox 1330 4097 1359 4154; x_wconf 86' lang='lat'><em>7.</em></span> <span class='ocrx_word' id='word_1_664' title='bbox 1397 4077 1398 4081; x_wconf 61' lang='grc'>’</span> 
     </span>
     <span class='ocr_line' id='line_1_49' title="bbox 137 4100 1817 4240; baseline -0.001 -21"><span class='ocrx_word' id='word_1_665' title='bbox 137 4157 392 4239; x_wconf 65' lang='grc' dir='ltr'><strong>ισἙιιΙιΜὶιι,</strong></span> <span class='ocrx_word' id='word_1_666' title='bbox 416 4159 666 4231; x_wconf 57' lang='lat' dir='ltr'><em>ostentantia,</em></span> <span class='ocrx_word' id='word_1_667' title='bbox 689 4156 728 4218; x_wconf 75' lang='lat' dir='ltr'><em>&lt;t</em></span> <span class='ocrx_word' id='word_1_668' title='bbox 746 4155 845 4220; x_wconf 79' lang='lat' dir='ltr'>deinde</span> <span class='ocrx_word' id='word_1_669' title='bbox 863 4177 933 4218; x_wconf 85' lang='lat' dir='ltr'><em>otru-</em></span> <span class='ocrx_word' id='word_1_670' title='bbox 1016 4157 1096 4218; x_wconf 88' lang='lat' dir='ltr'><em>Tum</em></span> <span class='ocrx_word' id='word_1_671' title='bbox 1118 4157 1186 4237; x_wconf 81' lang='lat' dir='ltr'><em>quit</em></span> <span class='ocrx_word' id='word_1_672' title='bbox 1215 4156 1290 4218; x_wconf 74' lang='lat' dir='ltr'><em>diua</em></span> <span class='ocrx_word' id='word_1_673' title='bbox 1309 4100 1400 4219; x_wconf 73' lang='lat' dir='ltr'><em>l&#39;itntt</em></span> <span class='ocrx_word' id='word_1_674' title='bbox 1420 4155 1598 4221; x_wconf 88' lang='lat' dir='ltr'><em>Conllitutlo</em></span> <span class='ocrx_word' id='word_1_675' title='bbox 1632 4155 1759 4240; x_wconf 77' lang='lat' dir='ltr'><em>disponit</em></span> <span class='ocrx_word' id='word_1_676' title='bbox 1781 4174 1817 4216; x_wconf 80' lang='lat' dir='ltr'><em>tt</em></span> 
     </span>
     <span class='ocr_line' id='line_1_50' title="bbox 139 4235 1759 4320; baseline -0.001 -18"><span class='ocrx_word' id='word_1_677' title='bbox 139 4261 191 4319; x_wconf 74' lang='lat' dir='ltr'><em>tus</em></span> <span class='ocrx_word' id='word_1_678' title='bbox 212 4243 367 4304; x_wconf 82' lang='lat' dir='ltr'><em>cononicus</em></span> <span class='ocrx_word' id='word_1_679' title='bbox 386 4239 509 4314; x_wconf 78' lang='lat' dir='ltr'>Eccleſse</span> <span class='ocrx_word' id='word_1_680' title='bbox 531 4245 570 4304; x_wconf 88' lang='lat' dir='ltr'><em>N.</em></span> <span class='ocrx_word' id='word_1_681' title='bbox 592 4235 683 4298; x_wconf 82' lang='lat' dir='ltr'><em>tribuo</em></span> <span class='ocrx_word' id='word_1_682' title='bbox 700 4235 771 4298; x_wconf 87' lang='lat' dir='ltr'><em>bona</em></span> <span class='ocrx_word' id='word_1_683' title='bbox 800 4235 938 4320; x_wconf 70' lang='lat' dir='ltr'><em>prediblu</em></span> <span class='ocrx_word' id='word_1_684' title='bbox 978 4235 1070 4300; x_wconf 90' lang='lat' dir='ltr'><em>solum</em></span> <span class='ocrx_word' id='word_1_685' title='bbox 1092 4237 1126 4300; x_wconf 90' lang='lat' dir='ltr'><em>de</em></span> <span class='ocrx_word' id='word_1_686' title='bbox 1148 4237 1291 4318; x_wconf 85' lang='lat' dir='ltr'><em>acquifitis</em></span> <span class='ocrx_word' id='word_1_687' title='bbox 1311 4259 1346 4300; x_wconf 87' lang='lat' dir='ltr'><em>ex</em></span> <span class='ocrx_word' id='word_1_688' title='bbox 1369 4235 1504 4302; x_wconf 76' lang='lat' dir='ltr'><em>fructibus</em></span> <span class='ocrx_word' id='word_1_689' title='bbox 1526 4236 1759 4308; x_wconf 78' lang='lat' dir='ltr'><em>Beneficiorum.</em></span> 
     </span>
     <span class='ocr_line' id='line_1_51' title="bbox 135 4315 1761 4403; baseline -0.001 -21"><span class='ocrx_word' id='word_1_690' title='bbox 135 4337 193 4403; x_wconf 91' lang='lat' dir='ltr'><em>pso</em></span> <span class='ocrx_word' id='word_1_691' title='bbox 207 4322 259 4400; x_wconf 92' lang='lat' dir='ltr'><em>suo</em></span> <span class='ocrx_word' id='word_1_692' title='bbox 278 4323 331 4402; x_wconf 82' lang='lat' dir='ltr'><em>usu</em></span> <span class='ocrx_word' id='word_1_693' title='bbox 352 4323 465 4384; x_wconf 83' lang='lat' dir='ltr'><em>retinuit</em></span> <span class='ocrx_word' id='word_1_694' title='bbox 485 4323 516 4382; x_wconf 91' lang='lat' dir='ltr'><em>in</em></span> <span class='ocrx_word' id='word_1_695' title='bbox 535 4320 627 4382; x_wconf 83' lang='lat' dir='ltr'><em>radens</em></span> <span class='ocrx_word' id='word_1_696' title='bbox 650 4316 771 4388; x_wconf 76' lang='lat' dir='ltr'><em>Ecclefio</em></span> <span class='ocrx_word' id='word_1_697' title='bbox 791 4359 800 4392; x_wconf 90' lang='lat'>‚</span> <span class='ocrx_word' id='word_1_698' title='bbox 817 4319 936 4397; x_wconf 77' lang='lat' dir='ltr'><em>ssucoeffl·</em></span> <span class='ocrx_word' id='word_1_699' title='bbox 979 4315 1026 4382; x_wconf 86' lang='lat' dir='ltr'><em>seu</em></span> <span class='ocrx_word' id='word_1_700' title='bbox 1047 4317 1185 4382; x_wconf 82' lang='lat' dir='ltr'><em>reditibus</em></span> <span class='ocrx_word' id='word_1_701' title='bbox 1206 4317 1432 4394; x_wconf 81' lang='lat' dir='ltr'><em>Ecclefiallicls,</em></span> <span class='ocrx_word' id='word_1_702' title='bbox 1457 4339 1513 4380; x_wconf 90' lang='lat' dir='ltr'><em>non</em></span> <span class='ocrx_word' id='word_1_703' title='bbox 1535 4336 1631 4382; x_wconf 82' lang='lat' dir='ltr'>autem</span> <span class='ocrx_word' id='word_1_704' title='bbox 1654 4339 1688 4381; x_wconf 85' lang='lat' dir='ltr'><em>er</em></span> <span class='ocrx_word' id='word_1_705' title='bbox 1705 4335 1761 4398; x_wconf 79' lang='lat' dir='ltr'>‚pe-</span> 
     </span>
     <span class='ocr_line' id='line_1_52' title="bbox 141 4395 1759 4492; baseline -0.002 -30"><span class='ocrx_word' id='word_1_706' title='bbox 141 4424 186 4463; x_wconf 85' lang='lat' dir='ltr'><em>ose</em></span> <span class='ocrx_word' id='word_1_707' title='bbox 210 4399 246 4464; x_wconf 88' lang='lat' dir='ltr'><em>ub</em></span> <span class='ocrx_word' id='word_1_708' title='bbox 267 4401 320 4466; x_wconf 86' lang='lat' dir='ltr'><em>bno</em></span> <span class='ocrx_word' id='word_1_709' title='bbox 338 4406 403 4464; x_wconf 82' lang='lat' dir='ltr'><em>niso</em></span> <span class='ocrx_word' id='word_1_710' title='bbox 422 4401 557 4480; x_wconf 59' lang='lat' dir='ltr'><em>troffo,</em></span> <span class='ocrx_word' id='word_1_711' title='bbox 586 4399 662 4462; x_wconf 88' lang='lat' dir='ltr'><em>nulla</em></span> <span class='ocrx_word' id='word_1_712' title='bbox 676 4395 757 4476; x_wconf 78' lang='lat' dir='ltr'><em>sablo</em></span> <span class='ocrx_word' id='word_1_713' title='bbox 772 4401 940 4479; x_wconf 76' lang='lat' dir='ltr'><em>particulari</em></span> <span class='ocrx_word' id='word_1_714' title='bbox 978 4398 1219 4473; x_wconf 81' lang='lat' dir='ltr'><em>trimonialibus‘,</em></span> <span class='ocrx_word' id='word_1_715' title='bbox 1250 4417 1299 4462; x_wconf 82' lang='lat' dir='ltr'><em>eut</em></span> <span class='ocrx_word' id='word_1_716' title='bbox 1320 4395 1434 4462; x_wconf 86' lang='lat' dir='ltr'><em>Officiis</em></span> <span class='ocrx_word' id='word_1_717' title='bbox 1465 4399 1579 4462; x_wconf 75' lang='lat' dir='ltr'><em>lucrosus</em></span> <span class='ocrx_word' id='word_1_718' title='bbox 1607 4395 1759 4492; x_wconf 57' lang='lat' dir='ltr'><em>personali·</em></span> 
     </span>
     <span class='ocr_line' id='line_1_53' title="bbox 143 4477 1760 4566; baseline -0.003 -22"><span class='ocrx_word' id='word_1_719' title='bbox 143 4481 322 4563; x_wconf 76' lang='lat' dir='ltr'><em>dispofitione</em></span> <span class='ocrx_word' id='word_1_720' title='bbox 337 4481 530 4566; x_wconf 72' lang='lat' dir='ltr'><em>predidosunt</em></span> <span class='ocrx_word' id='word_1_721' title='bbox 549 4480 696 4548; x_wconf 77' lang='lat' dir='ltr'><em>bonerum.</em></span> <span class='ocrx_word' id='word_1_722' title='bbox 979 4482 1052 4557; x_wconf 86' lang='lat' dir='ltr'><em>bus,</em></span> <span class='ocrx_word' id='word_1_723' title='bbox 1073 4497 1105 4544; x_wconf 90' lang='lat' dir='ltr'><em>ut</em></span> <span class='ocrx_word' id='word_1_724' title='bbox 1126 4479 1196 4558; x_wconf 81' lang='lat' dir='ltr'><em>quie</em></span> <span class='ocrx_word' id='word_1_725' title='bbox 1215 4477 1344 4542; x_wconf 80' lang='lat' dir='ltr'><em>Clericus</em></span> <span class='ocrx_word' id='word_1_726' title='bbox 1366 4477 1486 4543; x_wconf 82' lang='lat' dir='ltr'><em>babebat</em></span> <span class='ocrx_word' id='word_1_727' title='bbox 1507 4477 1647 4542; x_wconf 84' lang='lat' dir='ltr'><em>Officium</em></span> <span class='ocrx_word' id='word_1_728' title='bbox 1668 4477 1760 4540; x_wconf 89' lang='lat' dir='ltr'><em>lucro·</em></span> 
     </span>
    </p>
   </div>
   <div class='ocr_carea' id='block_1_3' title="bbox 70 4555 1764 4706">
    <p class='ocr_par' dir='ltr' id='par_1_8' title="bbox 70 4555 1764 4706">
     <span class='ocr_line' id='line_1_54' title="bbox 70 4555 1764 4706; baseline -0.006 -77"><span class='ocrx_word' id='word_1_729' title='bbox 70 4585 124 4659; x_wconf 54' lang='grc' dir='ltr'><em>Ι19</em></span> <span class='ocrx_word' id='word_1_730' title='bbox 197 4563 238 4628; x_wconf 88' lang='grc' dir='ltr'><em>Ει</em></span> <span class='ocrx_word' id='word_1_731' title='bbox 261 4565 336 4632; x_wconf 80' lang='lat' dir='ltr'><em>tutio</em></span> <span class='ocrx_word' id='word_1_732' title='bbox 355 4565 393 4634; x_wconf 90' lang='lat' dir='ltr'><em>ell</em></span> <span class='ocrx_word' id='word_1_733' title='bbox 413 4608 424 4643; x_wconf 88' lang='lat'><strong>,</strong></span> <span class='ocrx_word' id='word_1_734' title='bbox 444 4563 513 4648; x_wconf 85' lang='lat' dir='ltr'><em>quia</em></span> <span class='ocrx_word' id='word_1_735' title='bbox 534 4562 562 4626; x_wconf 91' lang='lat' dir='ltr'><em>in</em></span> <span class='ocrx_word' id='word_1_736' title='bbox 585 4561 638 4627; x_wconf 85' lang='lat' dir='ltr'><em>tali</em></span> <span class='ocrx_word' id='word_1_737' title='bbox 658 4558 723 4626; x_wconf 83' lang='lat' dir='ltr'><em>cusu</em></span> <span class='ocrx_word' id='word_1_738' title='bbox 742 4559 818 4626; x_wconf 81' lang='lat' dir='ltr'><em>bone</em></span> <span class='ocrx_word' id='word_1_739' title='bbox 836 4557 937 4644; x_wconf 73' lang='lat' dir='ltr'><em>prodi·</em></span> <span class='ocrx_word' id='word_1_740' title='bbox 979 4559 1042 4627; x_wconf 82' lang='lat' dir='ltr'><em>ium</em></span> <span class='ocrx_word' id='word_1_741' title='bbox 1063 4561 1094 4624; x_wconf 92' lang='lat' dir='ltr'><em>in</em></span> <span class='ocrx_word' id='word_1_742' title='bbox 1116 4557 1313 4640; x_wconf 70' lang='lat' dir='ltr'><em>Curlu&#39;]‘erat</em></span> <span class='ocrx_word' id='word_1_743' title='bbox 1336 4559 1476 4636; x_wconf 79' lang='lat' dir='ltr'><em>Douor,</em></span> <span class='ocrx_word' id='word_1_744' title='bbox 1507 4555 1764 4706; x_wconf 47' lang='grc' dir='ltr'><strong>ριιΙίιιὲΙῇιξιοι</strong></span> 
     </span>
    </p>
   </div>
   <div class='ocr_carea' id='block_1_4' title="bbox 0 0 2022 5266">
    <p class='ocr_par' dir='ltr' id='par_1_9' title="bbox 0 0 2022 5266">
     <span class='ocr_line' id='line_1_55' title="bbox 0 0 2022 5266; baseline 0 0"><span class='ocrx_word' id='word_1_745' title='bbox 0 0 2022 5266; x_wconf 95' lang='lat' dir='ltr'><em> </em></span> 
     </span>
    </p>
   </div>
  </div>
 </body>
</html>
