3898 5268
6 209 18 274 Ι

6 296 17 342 Ι

6 365 16 422 ι’

6 463 16 504 ι

9 545 15 584 ι

5 623 12 664 ι

5 707 14 750 ι

5 869 12 910 ι

5 951 12 1010 l

4 1035 13 1075 ι

4 1095 12 1160 l

4 1257 13 1322 ἰ

4 1341 12 1404 l

2 1441 10 1486 ι

2 1525 10 1569 ι

2 1586 7 1648 i

2 1694 6 1731 ι

369 123 1484 216 recurunt-rocnsuunn
1615 169 1676 254 ,3

125 246 219 316 ltalia
243 290 253 325 ,
275 265 328 311 nee
346 242 514 317 celebrate,
537 253 588 302 aur
609 233 825 304 communicare
845 235 909 320 pos·
944 236 1022 301 laria
1041 236 1178 304 sacnltate
1199 282 1209 317 ,
1241 255 1277 304 ut
1296 239 1333 304 ab
1354 237 1416 324 ipio
1438 240 1560 342 recipiat
1579 248 1736 323 ,mom

124 327 189 410 set,
210 325 257 394 sed
275 341 435 392 remanent
455 319 542 386 uene
583 315 695 382 rivatue
715 315 782 380 ficut
803 337 909 382 antea.
948 339 1016 383 nem
1036 319 1141 382 diredie
1172 341 1191 384 a
1321 319 1549 403 irreservacrc,
1585 351 1604 396 a
1631 337 1736 408 quibua

32 449 40 461 .
126 411 176 476 Sic
195 412 319 484 loannes
346 408 382 472 da
410 405 440 468 la
458 403 540 468 Crux
573 423 614 464 ue.
635 423 661 463 c.
679 419 753 462 num.
776 399 804 459 6.
828 399 910 464 Mar·
950 397 1006 463 suit
1036 416 1151 464 tantum
1180 402 1210 463 iu
1230 399 1313 465 itecle
1341 419 1361 464 a
1389 401 1567 474 consilarlo
1605 412 1737 484 inierint!

125 485 370 557 ermenero.
390 505 419 549 a.
441 505 467 548 e.
491 488 604 570 36.ea.
627 480 724 543 to&
744 477 793 540 alii
815 478 909 564 supra·
950 480 1124 557 absolutus,
1156 480 1188 544 St
1217 479 1387 548 accurens
1418 482 1594 568 reservatis,
1622 514 1641 556 n
1669 501 1735 581 qui.

123 571 227 636 dmi·
953 562 1005 626 bus
1025 561 1107 624 nullo
1127 561 1216 625 modo
1235 560 1289 627 suit
1308 560 1483 631 absolutm.
1505 569 1610 654 Neque
1628 593 1658 640 ur
1680 579 1735 643 tali

68 631 110 736 ᾗ,
167 653 232 718 Nec
254 651 335 719 velet
355 647 446 716 etlam
467 645 611 722 obiicere,
630 640 708 722 qvod
728 639 749 702 fi
769 640 912 723 poenitene
952 659 1072 724 urgente
1101 641 1264 707 neceffitdte
1292 639 1402 707 absolvi
1471 649 1524 714 teli
1561 672 1581 715 a
1609 653 1736 738 simplici

125 734 157 796 in
178 733 231 797 tali
253 748 373 815 urgente
404 726 565 793 necessitate
593 723 684 808 potell
714 721 751 784 ab
780 721 909 787 inferiori
950 723 1101 787 Sacerdote
1122 723 1249 788 nondum
1270 722 1306 786 ad
1324 723 1417 790 Conse
1439 747 1519 794 eones
1552 733 1734 816 excipiendae

124 812 304 879 Conseliario
324 808 435 875 absolvi
456 807 544 872 etiarn
573 799 770 871 areservatie
803 801 907 866 baben·
949 803 1136 886 approbato,
1167 804 1249 892 fiunti
1278 803 1369 887 potest
1398 806 1508 876 absolui
1529 813 1671 896 panim,
1701 817 1732 882 p,

123 893 204 958 tibur
224 894 364 957 adnexam
387 887 530 954 censuram
561 884 759 960 reservatam,
792 885 909 948 deberet
947 902 1079 949 extrema
1098 883 1260 950 neeeffirare
1279 884 1393 948 articuli
1415 931 1427 964 ‚
1447 887 1495 956 seu
1515 893 1635 973 μω
1655 915 1733 962 mo„

125 975 219 1039 etiam
241 972 317 1056 poll'e
337 968 445 1035 absolvi
464 969 501 1032 ab
521 965 582 1050 ipsa
600 963 727 1030 Censura
747 961 907 1041 reservata,
948 965 1005 1040 tie,
1028 966 1174 1031 urdocent
1193 965 1295 1030 Gobat
1313 965 1395 1029 nael.
1407 989 1436 1048 7.
1447 993 1522 1036 nem.
1540 975 1609 1057 381.
1631 975 1734 1044 Palatia
1796 1013 1807 1032 ι

124 1054 208 1118 Senti
230 1054 321 1135 poteli
341 1049 450 1116 absolvi
471 1049 613 1131 poenitene
643 1045 673 1108 in
702 1061 833 1111 extrema
861 1066 909 1110 ue·
949 1045 1032 1108 mail.
1046 1068 1094 1130 23.
1098 1062 1131 1129 p.
1144 1065 1191 1127 ις.
1211 1047 1241 1124 §.
1257 1066 1286 1126 7.
1307 1047 1409 1130 Spoter
1429 1051 1478 1116 loe.
1497 1058 1545 1118 cir.
1564 1077 1640 1121 aum.
1661 1059 1733 1138 358.

124 1133 256 1199 cessitate
274 1131 388 1198 articuli
408 1130 533 1194 mortis.
554 1131 628 1200 Non
649 1125 747 1202 valet,
769 1127 909 1207 inquam,
950 1127 982 1190 ἃ
1005 1127 1055 1189 alil
1076 1127 1150 1192 reste
1170 1126 1324 1200 dicenter,
1353 1131 1433 1210 quud
1454 1133 1484 1197 id
1504 1157 1564 1200 non
1585 1139 1733 1220 permittit

125 1213 199 1296 quia
219 1231 322 1298 magna
341 1211 500 1277 intervenit
519 1207 683 1275 differentia
704 1208 779 1270 inter
799 1225 908 1270 utram·
948 1205 1014 1272 usuc
1034 1252 1043 1283 ‚
1064 1207 1094 1272 dc
1115 1205 1291 1272 cousuetudo
1311 1207 1443 1277 Eoelefiae
1464 1235 1474 1286 ;
1504 1215 1576 1281 Νοῃ
1596 1219 1675 1283 „qm
1696 1219 1728 1280 q„

125 1313 188 1375 que
207 1292 426 1366 nereditatem
456 1291 491 1353 ln
511 1306 643 1354 extrema
662 1288 742 1352 enim
763 1288 907 1352 necelsrrn
949 1287 1001 1352 tali
1021 1285 1086 1352 casu
1106 1288 1146 1353 eli
1164 1306 1219 1372 par
1236 1331 1245 1364 ,
1265 1311 1317 1354 uec
1337 1308 1422 1356 tauta
1441 1296 1611 1370 necessitas,
1643 1319 1677 1364 ae
1698 1299 1729 1360 ln

124 1389 157 1440 te
177 1374 307 1450 articuli,
338 1373 385 1437 seu
404 1371 524 1454 periculi
546 1370 651 1434 mortis
670 1367 751 1432 nulla
780 1386 909 1433 remanet
949 1368 1073 1433 articulo
1094 1369 1215 1444 mortio,
1237 1389 1304 1433 cum
1327 1371 1356 1433 in
1378 1373 1434 1437 boc
1454 1376 1576 1440 articulo
1598 1377 1625 1439 id
1636 1377 1730 1442 solua

123 1453 304 1532 telematio,
326 1452 398 1518 adeo
417 1470 449 1516 ur
470 1450 593 1534 quilibet
615 1449 735 1528 simplex
755 1451 907 1525 Sacerdos,
950 1450 1104 1534 permittat
1136 1449 1292 1524 Ecclefia,
1319 1449 1352 1514 te
1380 1453 1586 1522 Tridentinum
1614 1457 1731 1523 Concil.

125 1535 157 1598 in
177 1533 284 1600 desuem
302 1533 421 1599 alteriue
438 1535 499 1608 iarn
520 1531 704 1616 approbati,
735 1527 821 1614 poll'rt
841 1548 911 1595 tune
949 1536 1000 1596 eir.
1016 1531 1080 1613 Μ,
1101 1550 1149 1608 ¹4·
1167 1531 1203 1593 de
1224 1531 1473 1615 Pmstmfmp,
1488 1557 1517 1614 7,
1537 1542 1598 1601 Nec
1616 1536 1670 1600 b„
1688 1562 1732 1600 Μ,

125 1629 276 1700 tamquam
304 1633 372 1679 cum
400 1614 574 1678 omnimoda
602 1611 742 1676 facultate
769 1611 910 1708 approba·
949 1612 1051 1689 refecere
1069 1612 1174 1693 eliquit
1189 1629 1305 1695 perum
1324 1613 1406 1694 quod
1424 1615 1538 1680 evenire
1558 1637 1616 1681 non
1638 1619 1732 1702 penest

122 1711 198 1772 tua,
232 1693 379 1761 absolvere
398 1695 587 1778 penitentem
619 1713 637 1756 a
666 1689 814 1773 quibusun
844 1711 908 1776 pee-
947 1711 1031 1761 ettra
1050 1691 1157 1755 diiium
1178 1692 1366 1768 articulum,
1395 1711 1477 1759 extra
1506 1713 1592 1776 quem
1624 1699 1732 1761 Conci-

3 1797 4 1812 ¹
121 1776 223 1854 carie,
255 1775 287 1840 δι
316 1773 451 1842 Censmie
478 1773 753 1858 quomodocumque
786 1771 907 1840 reserva·
948 1773 1023 1838 lium
1046 1770 1138 1857 ipsum
1159 1773 1259 1848 dicit,
1290 1773 1368 1856 quod
1398 1774 1537 1859 simplices
1566 1777 1733 1844 Sacerdotee

2 1873 3 1880 ’
115 1855 187 1932 ria,
217 1873 251 1920 ut
270 1857 395 1940 expresse
424 1856 523 1921 ssatuit
543 1859 637 1922 Cone.
668 1854 752 1916 Trid.
769 1854 834 1936 suff.
859 1874 906 1929 ¹4·
947 1855 1023 1918 nibil
1045 1851 1169 1937 possint.
1193 1855 1294 1917 lmmo
1315 1854 1456 1936 nequein
1478 1854 1540 1938 ipso
1562 1857 1665 1922 mortis
1685 1881 1731 1921 ar.

118 1937 156 2000 de
178 1939 325 2002 Punitent.
343 1954 405 2018 cap.
414 1959 444 2014 7.
467 1936 531 2002 Nec
553 1939 573 2001 li
592 1933 792 2010 convalescat,
813 1934 908 2015 elapsa
946 1934 1039 2000 riculo
1059 1933 1151 2016 poteri
1172 1933 1292 2020 simplex
1312 1935 1446 2010 Sacerdoe
1465 1928 1630 2020 absolvdqe,
1652 1938 1730 2003 liad-

118 2017 176 2084 tali
206 2035 335 2084 ertreum
364 2017 554 2095 neceffitate,
584 2033 698 2084 tenetur
728 2017 824 2097 pellea
852 2016 905 2080 ite
948 2013 1195 2080 ducentenarius
1228 2015 1402 2112 approbatur
1422 2036 1577 2102 prompme
1605 2020 1641 2082 ad
1661 2039 1730 2084 con·

120 2119 188 2164 runt
217 2097 377 2176 confiteri,
408 2118 459 2163 aut
487 2115 656 2183 comparere
684 2115 785 2161 coram
815 2095 904 2180 Supe·
945 2094 1091 2162 selsmnem
1114 2096 1278 2161 moribundi
1298 2097 1528 2180 excipiendam,
1559 2117 1593 2164 ut
1621 2101 1733 2165 dicium

123 2181 201 2244 riore
222 2198 274 2276 pro
295 2199 372 2246 nova
391 2177 572 2244 absolutione
599 2177 808 2261 impetranda,
834 2176 905 2258 quia
944 2178 1001 2243 suit
1020 2175 1072 2240 sub
1092 2177 1171 2243 verb·
1193 2177 1660 2262 Absetuermr.1.n.5e.cb5e.

20 2267 26 2274 '
121 2261 185 2333 jam
204 2259 336 2336 diresie,
366 2261 397 2324 Sc
417 2261 500 2343 plene
520 2259 665 2323 absolutus
685 2260 723 2322 eli
743 2255 781 2318 ab
809 2257 904 2318 otnni·
987 2257 1134 2322 l‘oenitena
1155 2258 1184 2320 in
1205 2275 1335 2322 extrema
1353 2258 1517 2323 necessitate
1538 2261 1663 2336 articuli,
1684 2259 1731 2325 seu
1752 2277 1788 2342 35

120 2339 177 2402 bue
196 2338 346 2419 peccetis,
376 2341 408 2402 ἃ
427 2337 551 2402 censuris
570 2339 842 2420 quomodocumque
863 2356 904 2398 re·
946 2336 1066 2418 periculi
1090 2338 1195 2398 mottie
1215 2337 1324 2400 liabens
1343 2339 1461 2400 unicum
1491 2336 1588 2402 casum
1610 2339 1731 2407 reserva·

123 2415 276 2490 servarier
304 2417 346 2479 Et
379 2415 472 2481 solum
502 2433 615 2480 tenetur
644 2413 670 2478 se
700 2414 803 2500 sistere
819 2413 905 2494 Supe·
947 2431 1033 2489 tum,
1056 2415 1113 2478 fine
1135 2415 1201 2479 nllie
1221 2415 1286 2478 aliie
1306 2418 1450 2498 peccatis,
1473 2417 1731 2495 fivemortalibnr,

122 2496 197 2560 riori
218 2499 247 2560 in
268 2495 333 2559 casu
361 2517 420 2578 quo
452 2496 538 2562 suerit
567 2494 698 2558 irretitur
718 2491 844 2558 Censura
865 2515 906 2558 re·
947 2493 1212 2572 mercurialibus,
1242 2493 1334 2576 pnresl
1354 2496 1459 2559 ditedle
1487 2497 1598 2564 absolvi
1619 2522 1636 2562 a
1666 2502 1731 2564 firn-

121 2574 267 2649 servata,
301 2595 359 2670 uon
381 2593 415 2670 ut
444 2578 549 2672 iterum
565 2595 601 2671 ‚a
622 2573 748 2670 Censura
775 2573 903 2636 absolva·
944 2575 1017 2655 plici
1037 2575 1216 2650 Sacerdote,
1248 2574 1294 2640 seu
1315 2575 1494 2672 §onselsario
1515 2577 1643 2674 inferiori
1673 2582 1731 2646 fine

119 2667 295 2799 illeille
310 2675 376 2818 ll
392 2656 500 2798 ld:
515 2650 903 2816 :illlel‘lltlel‘ff
943 2653 1730 2812 lllgtlst‘rllllill,fll'nilllltll

119 2811 169 2879 sed
198 2814 351 2880 dumtaxat
384 2831 418 2882 ut
448 2814 534 2898 ipsraa
562 2814 724 2896 Superioris
757 2812 901 2876 mandatis
939 2811 1097 2876 Censuram
1125 2811 1296 2879 reservatam
1317 2816 1401 2888 iutra
1420 2815 1545 2900 superius
1564 2820 1660 2884 lietu.
1685 2826 1730 2887 At

118 2913 250 2979 preat,
280 2894 482 2976 punitmtiam
501 2937 511 2970 ,
533 2894 579 2974 vel
603 2893 759 2958 remedium
781 2891 818 2954 ab
836 2890 899 2975 ipso
941 2894 1070 2957 veroin
1101 2911 1220 2978 urgente
1249 2893 1415 2960 necessitate
1442 2897 1633 2976 celebrandi,
1677 2900 1726 2966 seu

119 2975 264 3058 accipiat,
286 2977 317 3039 be
337 2975 367 3039 in
388 2975 454 3040 soro
471 2989 590 3041 externo
612 2972 833 3038 satisfactionem
855 2992 902 3037 ex·
941 2973 1196 3052 communicandi,
1218 2995 1271 3040 uec
1292 2975 1425 3052 direcie,
1446 3001 1497 3042 nec
1520 2979 1654 3045 indiredie
1673 3001 1726 3064 po·

116 3055 238 3136 biberet
259 3079 293 3120 ex
315 3073 377 3139 rep.
396 3056 534 3120 decemo
556 3057 693 3118 raude
713 3056 832 3135 noscitur
855 3075 902 3135 ¹3·
943 3055 996 3119 rest
1024 3053 1173 3122 absolvia
1200 3054 1377 3122 confessario
1398 3056 1555 3134 insermri3
1585 3063 1669 3125 Non·
1685 3061 1728 3123 di·

117 3133 625 3222 e.Quedaebi126.e.Quenvis
646 3136 837 3215 58.deseat.
858 3156 903 3196 ea·
944 3135 1042 3212 reete,
1059 3137 1130 3219 quia
1148 3137 1185 3201 ad
1209 3137 1239 3200 id
1258 3136 1425 3204 sacultatetn
1455 3159 1513 3203 non
1543 3141 1630 3204 babet
1650 3142 1729 3205 Cou-

117 3222 310 3281 eenemrenicer.
340 3219 371 3282 Sc
399 3240 435 3282 ea
469 3218 552 3280 Bulla
580 3235 669 3282 creua
697 3217 726 3295 §.
745 3220 903 3292 cererem,
944 3213 1068 3281 sellariue
1087 3217 1224 3289 inferiunt
1247 3219 1313 3283 Nec
1334 3219 1469 3285 indirecte
1491 3220 1592 3302 ,quia
1614 3221 1727 3283 nullum

119 3301 204 3374 jutta
223 3298 300 3361 didit
319 3298 351 3360 in
372 3296 610 3382 verb.AbJelerie
629 3309 684 3359 arr.
709 3319 734 3361 r.
754 3321 830 3361 uem.
854 3319 902 3377 5³.
942 3297 1021 3360 aliud
1042 3297 1158 3373 haber,
1187 3300 1220 3365 δι
1239 3297 1395 3364 confitetur
1421 3319 1572 3384 peccatum
1595 3319 1653 3365 nou
1685 3303 1728 3365 rei

123 3397 173 3457 54.
194 3378 234 3442 <b
257 3399 305 3460 ςς.
326 3380 370 3443 At
389 3399 460 3446 veru
479 3379 510 3441 in
539 3377 617 3442 dier·
645 3395 762 3460 urgente
792 3377 903 3443 necessr-
943 3377 1105 3455 servatam,
1127 3399 1162 3443 er
1182 3381 1262 3454 cuiue
1281 3379 1471 3445 absolutionis
1490 3381 1521 3446 vi
1543 3401 1594 3464 per
1621 3391 1726 3446 conco·-

121 3475 184 3523 rate
213 3457 396 3536 celebrandi,
436 3477 486 3524 avt
516 3453 779 3535 communicandi,
811 3479 901 3524 rema·
944 3458 1110 3524 mirantiam
1140 3459 1336 3534 absolvatur3
1375 3461 1430 3525 Sed
1461 3478 1530 3524 tunc
1558 3462 1642 3527 debet
1674 3462 1726 3525 fibi

120 3555 173 3601 net
193 3539 286 3602 adbuc
306 3539 485 3616 reservatio,
507 3540 605 3606 itaut
625 3538 820 3618 peanitentin
842 3538 903 3623 ipsa
942 3537 1115 3614 consulere,
1135 3539 1218 3605 sicuti
1236 3542 1288 3624 qui
1308 3561 1365 3604 non
1388 3541 1475 3605 babet
1504 3543 1622 3623 copiam
1644 3543 1724 3606 Con·

119 3638 139 3681 a
159 3616 336 3683 Consellario
356 3619 487 3685 inferiore
507 3641 566 3686 nou
596 3620 763 3684 absolvatur
792 3640 810 3683 a
837 3639 900 3701 pec·
941 3617 1055 3694 sellarii,
1077 3636 1111 3684 ut
1130 3619 1235 3684 evadat
1255 3621 1284 3683 in
1305 3621 1400 3707 pratia
1422 3642 1472 3705 per
1491 3621 1722 3698 contritionem,

121 3701 197 3763 carie
216 3698 362 3764 reservatis
383 3702 433 3764 nisu
453 3701 620 3776 indiredie‚
650 3719 792 3784 qnatenus
811 3701 899 3765 absol·
942 3699 1033 3782 srcque
1053 3719 1111 3763 uon
1132 3701 1271 3783 praemilla
1290 3699 1462 3766 consessrune
1491 3701 1641 3778 celebret,
1673 3720 1726 3768 aut
1781 3705 1785 3712 ’

120 3781 203 3844 vitur
222 3779 337 3845 ratione
357 3783 587 3848 concomitantia
606 3803 674 3846 cum
696 3780 821 3866 peccatis
841 3801 899 3844 non
940 3779 1166 3845 communicet·
1188 3783 1290 3845 Suareu
1300 3784 1382 3863 Disp.
1407 3805 1455 3863 30.
1471 3781 1540 3862 leel.
1552 3784 1728 3866 3.l.ayman'

119 3859 272 3925 reservarit
292 3860 395 3924 diresie
415 3861 551 3928 absoluere
579 3885 615 3928 er
647 3863 680 3928 vi
712 3861 900 3928 absolutionis
939 3866 1050 3925 luc-m
1086 3882 1155 3924 .re.
1169 3885 1245 3926 num.
1267 3861 1407 3928 11.de
1431 3863 1556 3928 Potestne
1574 3867 1596 3928 l.
1612 3887 1723 3928 cenum.

118 3940 225 4006 direcle
245 3941 373 4006 cadentia
393 3939 477 4024 super'
491 3943 551 4027 ipsa
578 3960 697 4027 peccata
729 3961 787 4007 nou
816 3942 897 4008 reser-
940 3962 1029 4037 3¹²5:
1072 3961 1154 4024 poter
1174 3929 1399 4026 snum-Si
1419 3938 1479 4027 ipsa
1499 3944 1569 4009 tcsle
1589 3944 1752 4011 allieno.-

118 4037 315 4167 :sitonieuiiiii
333 4021 643 4185 rniiieniogiatiimsilu
674 4024 900 4168 ificceaariemirmfini:
940 4021 1272 4199 “dissidentiam
1300 4103 1339 4168 esi
1360 4101 1392 4166 in
1420 4103 1474 4169 tali
1504 4103 1569 4169 casu
1589 4107 1631 4171 ob
1649 4103 1722 4171 utffi·
1747 4105 1784 4184 36

119 4181 267 4264 repellit,
298 4201 331 4248 ut
362 4183 484 4247 babetur
511 4205 546 4248 ex
579 4184 697 4249 Concil.
727 4184 900 4249 Tridentino
940 4183 1080 4248 cultatem
1111 4182 1244 4248 eluctendr
1273 4183 1369 4248 adium
1408 4185 1624 4261 contritioniu;
1666 4187 1723 4249 irn-

114 4263 179 4343 s‘ff·
199 4281 281 4343 rpe-
302 4289 332 4346 ς.
351 4268 387 4327 de
407 4267 599 4340 Punieencie3
621 4265 827 4329 &nullimode
848 4285 900 4328 nec
942 4282 992 4327 uto
1012 4263 1193 4329 mcessar'tum
1216 4266 1253 4328 eli
1274 4309 1284 4341 ,
1317 4263 1469 4348 prasertim
1493 4267 1511 4329 fi
1533 4268 1608 4328 velit
1629 4267 1722 4345 poeni-

118 4342 251 4421 dire-be,
280 4365 336 4411 nec
366 4345 501 4410 inditedie
531 4363 678 4410 remaneat
711 4345 855 4410 absolatue
884 4363 902 4407 a
943 4363 1006 4409 reue
1024 4346 1156 4410 obtinere
1176 4344 1383 4410 absolutionem
1405 4346 1571 4412 indireslum
1601 4343 1725 4424 abipso

119 4423 245 4489 &usura
265 4425 408 4492 reservata
425 4446 435 4501 r
467 4427 510 4490 ira
530 4444 563 4492 ut
584 4428 621 4491 ad
640 4423 831 4496 differentiam
852 4426 900 4487 ab
941 4442 1059 4508 peccaro
1080 4421 1240 4501 reservato,
1262 4443 1366 4508 putans
1386 4425 1412 4490 se
1433 4443 1490 4490 nnn
1512 4424 1564 4486 elle
1585 4421 1726 4486 sufficieu-

120 4502 210 4568 ioluti
229 4505 261 4568 ln
280 4507 406 4571 articulo
425 4509 531 4571 mortis
550 4523 683 4573 teneatur
703 4504 760 4590 ipse
781 4503 809 4569 le
831 4505 899 4570 susle·
942 4506 1040 4571 tende
1059 4503 1125 4588 ipso
1145 4504 1324 4582 contritum,
1343 4507 1472 4571 confiteri
1495 4499 1651 4566 stmulcum
1663 4501 1726 4584 ipso

122 4605 154 4649 re
174 4583 347 4670 Superiori,
377 4603 428 4656 cut
447 4587 627 4662 Cvuseffiriu
659 4587 781 4673 pradito
811 4587 904 4658 neces
948 4585 1066 4672 aliquod
1085 4603 1234 4672 peccatum
1263 4587 1406 4696 geniale,
1437 4585 1482 4652 vel
1511 4581 1726 4731 mortalemjm
