<?xml version="1.0" encoding="UTF-8"?>
<!DOCTYPE html PUBLIC "-//W3C//DTD XHTML 1.0 Transitional//EN"
    "http://www.w3.org/TR/xhtml1/DTD/xhtml1-transitional.dtd">
<html xmlns="http://www.w3.org/1999/xhtml" xml:lang="en" lang="en">
 <head>
  <title>
</title>
<meta http-equiv="Content-Type" content="text/html;charset=utf-8" />
  <meta name='ocr-system' content='tesseract 3.04.00' />
  <meta name='ocr-capabilities' content='ocr_page ocr_carea ocr_par ocr_line ocrx_word'/>
</head>
<body>
  <div class='ocr_page' id='page_1' title='image "./admrevpfluciife02ferrgoog/admrevpfluciife02ferrgoog_0411.png"; bbox 0 0 3996 5266; ppageno 0'>
   <div class='ocr_carea' id='block_1_1' title="bbox 501 157 1706 281">
    <p class='ocr_par' dir='ltr' id='par_1_1' title="bbox 501 157 1706 281">
     <span class='ocr_line' id='line_1_1' title="bbox 501 157 1706 281; baseline 0.005 -31"><span class='ocrx_word' id='word_1_1' title='bbox 501 157 800 266; x_wconf 85' lang='lat' dir='ltr'>SOCIETAS,</span> <span class='ocrx_word' id='word_1_2' title='bbox 829 159 935 247; x_wconf 85' lang='lat' dir='ltr'>SEU</span> <span class='ocrx_word' id='word_1_3' title='bbox 967 163 1306 248; x_wconf 85' lang='lat' dir='ltr'><strong>SOCIETATIS</strong></span> <span class='ocrx_word' id='word_1_4' title='bbox 1338 167 1408 250; x_wconf 77' lang='lat' dir='ltr'>&amp;n</span> <span class='ocrx_word' id='word_1_5' title='bbox 1618 197 1706 281; x_wconf 87' lang='lat'>407</span> 
     </span>
    </p>
   </div>
   <div class='ocr_carea' id='block_1_2' title="bbox 149 272 1766 450">
    <p class='ocr_par' dir='ltr' id='par_1_2' title="bbox 149 272 1766 450">
     <span class='ocr_line' id='line_1_2' title="bbox 151 272 1765 365; baseline 0.001 -23"><span class='ocrx_word' id='word_1_6' title='bbox 151 272 188 342; x_wconf 74' lang='lat' dir='ltr'>stt</span> <span class='ocrx_word' id='word_1_7' title='bbox 210 277 288 346; x_wconf 65' lang='lat' dir='ltr'>diiio</span> <span class='ocrx_word' id='word_1_8' title='bbox 308 287 402 341; x_wconf 82' lang='lat' dir='ltr'>aulem</span> <span class='ocrx_word' id='word_1_9' title='bbox 425 277 572 340; x_wconf 73' lang='lat' dir='ltr'>contrasiu</span> <span class='ocrx_word' id='word_1_10' title='bbox 592 275 697 338; x_wconf 77' lang='lat' dir='ltr'>duntur</span> <span class='ocrx_word' id='word_1_11' title='bbox 718 293 762 338; x_wconf 80' lang='lat' dir='ltr'>tet</span> <span class='ocrx_word' id='word_1_12' title='bbox 781 272 936 358; x_wconf 80' lang='lat' dir='ltr'>stogisetae,</span> <span class='ocrx_word' id='word_1_13' title='bbox 979 275 1000 337; x_wconf 91' lang='lat' dir='ltr'>l.</span> <span class='ocrx_word' id='word_1_14' title='bbox 1024 279 1105 337; x_wconf 85' lang='lat' dir='ltr'>Heres</span> <span class='ocrx_word' id='word_1_15' title='bbox 1126 299 1176 352; x_wconf 85' lang='lat'>40.</span> <span class='ocrx_word' id='word_1_16' title='bbox 1194 277 1231 354; x_wconf 76' lang='lat' dir='ltr'>ff.</span> <span class='ocrx_word' id='word_1_17' title='bbox 1255 281 1309 339; x_wconf 85' lang='lat' dir='ltr'>Pro</span> <span class='ocrx_word' id='word_1_18' title='bbox 1324 285 1416 356; x_wconf 73' lang='lat' dir='ltr'>lucto,</span> <span class='ocrx_word' id='word_1_19' title='bbox 1441 277 1479 342; x_wconf 71' lang='lat' dir='ltr'>(o</span> <span class='ocrx_word' id='word_1_20' title='bbox 1499 281 1554 362; x_wconf 86' lang='lat' dir='ltr'>seg.</span> <span class='ocrx_word' id='word_1_21' title='bbox 1586 287 1681 345; x_wconf 77' lang='lat' dir='ltr'>Verum</span> <span class='ocrx_word' id='word_1_22' title='bbox 1716 286 1765 365; x_wconf 80' lang='lat'>63.</span> 
     </span>
     <span class='ocr_line' id='line_1_3' title="bbox 149 354 1766 450; baseline 0.002 -26"><span class='ocrx_word' id='word_1_23' title='bbox 149 363 278 444; x_wconf 76' lang='lat' dir='ltr'>udeoqtte</span> <span class='ocrx_word' id='word_1_24' title='bbox 297 379 361 442; x_wconf 79' lang='lat' dir='ltr'>pets</span> <span class='ocrx_word' id='word_1_25' title='bbox 382 355 522 420; x_wconf 77' lang='lat' dir='ltr'>stuliounr</span> <span class='ocrx_word' id='word_1_26' title='bbox 545 375 599 440; x_wconf 81' lang='lat' dir='ltr'>pto</span> <span class='ocrx_word' id='word_1_27' title='bbox 620 355 660 420; x_wconf 82' lang='lat' dir='ltr'>eit</span> <span class='ocrx_word' id='word_1_28' title='bbox 681 355 750 430; x_wconf 83' lang='lat' dir='ltr'>iusle</span> <span class='ocrx_word' id='word_1_29' title='bbox 771 354 850 438; x_wconf 68' lang='lat' dir='ltr'>exigi</span> <span class='ocrx_word' id='word_1_30' title='bbox 873 373 937 436; x_wconf 83' lang='lat' dir='ltr'>put·</span> <span class='ocrx_word' id='word_1_31' title='bbox 978 359 1007 434; x_wconf 88' lang='lat'>§.</span> <span class='ocrx_word' id='word_1_32' title='bbox 1030 359 1059 420; x_wconf 87' lang='lat'>8.</span> <span class='ocrx_word' id='word_1_33' title='bbox 1077 361 1113 434; x_wconf 71' lang='lat' dir='ltr'>ff.</span> <span class='ocrx_word' id='word_1_34' title='bbox 1136 358 1193 420; x_wconf 83' lang='lat' dir='ltr'>eod.</span> <span class='ocrx_word' id='word_1_35' title='bbox 1217 357 1271 450; x_wconf 37' lang='lat' dir='ltr'>ubi·</span> <span class='ocrx_word' id='word_1_36' title='bbox 1286 359 1407 442; x_wconf 77' lang='lat' dir='ltr'>expresse</span> <span class='ocrx_word' id='word_1_37' title='bbox 1427 359 1561 424; x_wconf 87' lang='lat' dir='ltr'>dicitur:</span> <span class='ocrx_word' id='word_1_38' title='bbox 1586 368 1619 428; x_wconf 82' lang='lat' dir='ltr'>lu</span> <span class='ocrx_word' id='word_1_39' title='bbox 1638 363 1766 428; x_wconf 82' lang='lat' dir='ltr'><em>heredem</em></span> 
     </span>
    </p>
   </div>
   <div class='ocr_carea' id='block_1_3' title="bbox 51 437 1832 4786">
    <p class='ocr_par' dir='ltr' id='par_1_3' title="bbox 51 437 1832 4786">
     <span class='ocr_line' id='line_1_4' title="bbox 150 437 1765 524; baseline 0.002 -25"><span class='ocrx_word' id='word_1_40' title='bbox 150 445 210 516; x_wconf 81' lang='lat' dir='ltr'>est,</span> <span class='ocrx_word' id='word_1_41' title='bbox 233 460 290 524; x_wconf 78' lang='lat' dir='ltr'>pon</span> <span class='ocrx_word' id='word_1_42' title='bbox 311 437 440 504; x_wconf 83' lang='lat' dir='ltr'>obliente</span> <span class='ocrx_word' id='word_1_43' title='bbox 460 438 514 501; x_wconf 79' lang='lat' dir='ltr'>teli</span> <span class='ocrx_word' id='word_1_44' title='bbox 534 437 621 520; x_wconf 77' lang='lat' dir='ltr'>pallo</span> <span class='ocrx_word' id='word_1_45' title='bbox 644 459 653 507; x_wconf 90' lang='lat'>;</span> <span class='ocrx_word' id='word_1_46' title='bbox 685 438 852 500; x_wconf 85' lang='lat' dir='ltr'>Dummodo</span> <span class='ocrx_word' id='word_1_47' title='bbox 874 455 935 497; x_wconf 80' lang='lat' dir='ltr'>ten·</span> <span class='ocrx_word' id='word_1_48' title='bbox 995 461 1079 518; x_wconf 77' lang='lat' dir='ltr'>noque</span> <span class='ocrx_word' id='word_1_49' title='bbox 1095 440 1230 520; x_wconf 61' lang='lat' dir='ltr'>sotiipru</span> <span class='ocrx_word' id='word_1_50' title='bbox 1246 443 1322 516; x_wconf 78' lang='lat' dir='ltr'>jocio</span> <span class='ocrx_word' id='word_1_51' title='bbox 1349 439 1421 502; x_wconf 76' lang='lat' dir='ltr'>assio</span> <span class='ocrx_word' id='word_1_52' title='bbox 1450 446 1576 524; x_wconf 81' lang='lat' dir='ltr'>competit</span> <span class='ocrx_word' id='word_1_53' title='bbox 1595 486 1604 517; x_wconf 88' lang='lat'>,</span> <span class='ocrx_word' id='word_1_54' title='bbox 1634 451 1765 524; x_wconf 78' lang='lat' dir='ltr'>quamvis</span> 
     </span>
     <span class='ocr_line' id='line_1_5' title="bbox 148 461 1764 602; baseline -0.001 -19"><span class='ocrx_word' id='word_1_55' title='bbox 148 540 215 586; x_wconf 90' lang='lat' dir='ltr'>tum</span> <span class='ocrx_word' id='word_1_56' title='bbox 238 519 415 584; x_wconf 75' lang='lat' dir='ltr'>diminuatur</span> <span class='ocrx_word' id='word_1_57' title='bbox 435 520 470 582; x_wconf 87' lang='lat' dir='ltr'>de</span> <span class='ocrx_word' id='word_1_58' title='bbox 490 519 598 593; x_wconf 89' lang='lat' dir='ltr'>lucto,</span> <span class='ocrx_word' id='word_1_59' title='bbox 629 514 675 580; x_wconf 90' lang='lat' dir='ltr'>seu</span> <span class='ocrx_word' id='word_1_60' title='bbox 703 515 738 581; x_wconf 91' lang='lat' dir='ltr'>de</span> <span class='ocrx_word' id='word_1_61' title='bbox 768 514 827 598; x_wconf 81' lang='lat' dir='ltr'>ipse</span> <span class='ocrx_word' id='word_1_62' title='bbox 855 535 936 600; x_wconf 83' lang='lat' dir='ltr'>purte</span> <span class='ocrx_word' id='word_1_63' title='bbox 975 461 1050 582; x_wconf 60' lang='lat' dir='ltr'>Zetes</span> <span class='ocrx_word' id='word_1_64' title='bbox 1064 520 1155 600; x_wconf 82' lang='lat' dir='ltr'>[ocius</span> <span class='ocrx_word' id='word_1_65' title='bbox 1176 519 1309 596; x_wconf 75' lang='lat' dir='ltr'>nonsit,</span> <span class='ocrx_word' id='word_1_66' title='bbox 1333 523 1398 582; x_wconf 85' lang='lat' dir='ltr'>licet</span> <span class='ocrx_word' id='word_1_67' title='bbox 1428 525 1499 582; x_wconf 80' lang='lat' dir='ltr'>enim</span> <span class='ocrx_word' id='word_1_68' title='bbox 1526 524 1616 602; x_wconf 78' lang='lat' dir='ltr'>sotim</span> <span class='ocrx_word' id='word_1_69' title='bbox 1634 549 1685 588; x_wconf 77' lang='lat' dir='ltr'>non</span> <span class='ocrx_word' id='word_1_70' title='bbox 1702 525 1764 599; x_wconf 78' lang='lat' dir='ltr'>fit,</span> 
     </span>
     <span class='ocr_line' id='line_1_6' title="bbox 146 596 1514 696; baseline 0.001 -34"><span class='ocrx_word' id='word_1_71' title='bbox 146 602 292 664; x_wconf 74' lang='lat' dir='ltr'>frulioum</span> <span class='ocrx_word' id='word_1_72' title='bbox 315 599 440 696; x_wconf 69' lang='lat' dir='ltr'>tespeiiu</span> <span class='ocrx_word' id='word_1_73' title='bbox 460 597 652 671; x_wconf 74' lang='lat' dir='ltr'>conserentis,</span> <span class='ocrx_word' id='word_1_74' title='bbox 672 614 814 678; x_wconf 78' lang='lat' dir='ltr'>quantum</span> <span class='ocrx_word' id='word_1_75' title='bbox 826 596 936 678; x_wconf 82' lang='lat' dir='ltr'>impor·</span> <span class='ocrx_word' id='word_1_76' title='bbox 977 616 1101 662; x_wconf 80' lang='lat' dir='ltr'>attamen</span> <span class='ocrx_word' id='word_1_77' title='bbox 1121 600 1294 662; x_wconf 76' lang='lat' dir='ltr'><em>emolumenti</em></span> <span class='ocrx_word' id='word_1_78' title='bbox 1309 601 1440 680; x_wconf 79' lang='lat' dir='ltr'>suceeffot</span> <span class='ocrx_word' id='word_1_79' title='bbox 1460 603 1514 680; x_wconf 75' lang='lat' dir='ltr'>esi.</span> 
     </span>
     <span class='ocr_line' id='line_1_7' title="bbox 147 675 1825 769; baseline 0.002 -25"><span class='ocrx_word' id='word_1_80' title='bbox 147 697 196 744; x_wconf 84' lang='lat' dir='ltr'>tat</span> <span class='ocrx_word' id='word_1_81' title='bbox 216 701 289 744; x_wconf 82' lang='lat' dir='ltr'>onus</span> <span class='ocrx_word' id='word_1_82' title='bbox 310 679 449 764; x_wconf 83' lang='lat' dir='ltr'>penculi,</span> <span class='ocrx_word' id='word_1_83' title='bbox 470 683 547 764; x_wconf 93' lang='lat' dir='ltr'>quod</span> <span class='ocrx_word' id='word_1_84' title='bbox 568 675 684 761; x_wconf 81' lang='lat' dir='ltr'><strong>suscipit</strong></span> <span class='ocrx_word' id='word_1_85' title='bbox 705 677 782 754; x_wconf 90' lang='lat' dir='ltr'>ille,</span> <span class='ocrx_word' id='word_1_86' title='bbox 803 678 851 742; x_wconf 86' lang='lat' dir='ltr'>tui</span> <span class='ocrx_word' id='word_1_87' title='bbox 868 697 936 743; x_wconf 87' lang='lat' dir='ltr'>cou—</span> <span class='ocrx_word' id='word_1_88' title='bbox 1021 680 1185 761; x_wconf 81' lang='lat' dir='ltr'>Etpensae,</span> <span class='ocrx_word' id='word_1_89' title='bbox 1215 701 1278 762; x_wconf 81' lang='lat' dir='ltr'>quae</span> <span class='ocrx_word' id='word_1_90' title='bbox 1308 680 1387 745; x_wconf 85' lang='lat' dir='ltr'>liunt</span> <span class='ocrx_word' id='word_1_91' title='bbox 1417 682 1499 745; x_wconf 89' lang='lat' dir='ltr'>causa</span> <span class='ocrx_word' id='word_1_92' title='bbox 1520 683 1695 756; x_wconf 82' lang='lat' dir='ltr'>Societotis,</span> <span class='ocrx_word' id='word_1_93' title='bbox 1717 682 1763 745; x_wconf 74' lang='lat' dir='ltr'>de</span> <span class='ocrx_word' id='word_1_94' title='bbox 1788 707 1825 769; x_wconf 82' lang='lat'>¹7</span> 
     </span>
     <span class='ocr_line' id='line_1_8' title="bbox 143 759 1766 836; baseline -0.002 -10"><span class='ocrx_word' id='word_1_95' title='bbox 143 761 299 826; x_wconf 81' lang='lat' dir='ltr'>feruntur.</span> <span class='ocrx_word' id='word_1_96' title='bbox 977 759 1045 823; x_wconf 83' lang='lat' dir='ltr'>beot</span> <span class='ocrx_word' id='word_1_97' title='bbox 1066 761 1118 825; x_wconf 88' lang='lat' dir='ltr'>else</span> <span class='ocrx_word' id='word_1_98' title='bbox 1139 781 1323 836; x_wconf 80' lang='lat' dir='ltr'>communes,</span> <span class='ocrx_word' id='word_1_99' title='bbox 1346 765 1376 824; x_wconf 78' lang='grc' dir='ltr'>δι</span> <span class='ocrx_word' id='word_1_100' title='bbox 1397 761 1538 825; x_wconf 76' lang='lat' dir='ltr'>solvende</span> <span class='ocrx_word' id='word_1_101' title='bbox 1559 761 1622 826; x_wconf 89' lang='lat' dir='ltr'>sunt</span> <span class='ocrx_word' id='word_1_102' title='bbox 1641 781 1766 827; x_wconf 79' lang='lat' dir='ltr'>excom·</span> 
     </span>
     <span class='ocr_line' id='line_1_9' title="bbox 65 838 1763 978; baseline -0.001 -72"><span class='ocrx_word' id='word_1_103' title='bbox 65 859 125 933; x_wconf 73' lang='lat' dir='ltr'>[tt</span> <span class='ocrx_word' id='word_1_104' title='bbox 194 846 227 906; x_wconf 88' lang='lat' dir='ltr'>ln</span> <span class='ocrx_word' id='word_1_105' title='bbox 250 842 400 932; x_wconf 68' lang='lat' dir='ltr'>eontentio</span> <span class='ocrx_word' id='word_1_106' title='bbox 420 839 603 913; x_wconf 82' lang='lat' dir='ltr'>Societutis,</span> <span class='ocrx_word' id='word_1_107' title='bbox 633 838 740 920; x_wconf 75' lang='lat' dir='ltr'>siquid</span> <span class='ocrx_word' id='word_1_108' title='bbox 758 856 859 978; x_wconf 48' lang='lat' dir='ltr'>petent</span> <span class='ocrx_word' id='word_1_109' title='bbox 882 840 937 904; x_wconf 86' lang='lat' dir='ltr'>stne</span> <span class='ocrx_word' id='word_1_110' title='bbox 977 839 1058 902; x_wconf 87' lang='lat' dir='ltr'>muni</span> <span class='ocrx_word' id='word_1_111' title='bbox 1081 841 1203 923; x_wconf 79' lang='lat' dir='ltr'>pecunia</span> <span class='ocrx_word' id='word_1_112' title='bbox 1222 842 1392 905; x_wconf 79' lang='lat' dir='ltr'>Societetit.</span> <span class='ocrx_word' id='word_1_113' title='bbox 1416 847 1594 917; x_wconf 83' lang='lat' dir='ltr'>Conmuuit,</span> <span class='ocrx_word' id='word_1_114' title='bbox 1614 861 1694 906; x_wconf 84' lang='lat' dir='ltr'>textu</span> <span class='ocrx_word' id='word_1_115' title='bbox 1716 864 1763 904; x_wconf 89' lang='lat' dir='ltr'>ett-</span> 
     </span>
     <span class='ocr_line' id='line_1_10' title="bbox 146 922 1765 1004; baseline -0.003 -15"><span class='ocrx_word' id='word_1_116' title='bbox 146 924 212 990; x_wconf 78' lang='lat' dir='ltr'>ulte</span> <span class='ocrx_word' id='word_1_117' title='bbox 229 925 315 1004; x_wconf 74' lang='lat' dir='ltr'>colpe</span> <span class='ocrx_word' id='word_1_118' title='bbox 336 923 486 986; x_wconf 80' lang='lat' dir='ltr'>Sociorum</span> <span class='ocrx_word' id='word_1_119' title='bbox 507 965 516 996; x_wconf 92' lang='lat'>,</span> <span class='ocrx_word' id='word_1_120' title='bbox 537 923 675 984; x_wconf 78' lang='lat' dir='ltr'>domnum</span> <span class='ocrx_word' id='word_1_121' title='bbox 704 939 753 983; x_wconf 89' lang='lat' dir='ltr'>cen</span> <span class='ocrx_word' id='word_1_122' title='bbox 769 939 832 983; x_wconf 90' lang='lat' dir='ltr'>etur</span> <span class='ocrx_word' id='word_1_123' title='bbox 859 939 938 983; x_wconf 87' lang='lat' dir='ltr'>cont·</span> <span class='ocrx_word' id='word_1_124' title='bbox 980 923 1072 1002; x_wconf 81' lang='lat' dir='ltr'>presio</span> <span class='ocrx_word' id='word_1_125' title='bbox 1091 926 1122 983; x_wconf 79' lang='lat' dir='ltr'>in</span> <span class='ocrx_word' id='word_1_126' title='bbox 1143 922 1164 983; x_wconf 88' lang='lat' dir='ltr'>l.</span> <span class='ocrx_word' id='word_1_127' title='bbox 1188 929 1261 984; x_wconf 80' lang='lat' dir='ltr'>Cum</span> <span class='ocrx_word' id='word_1_128' title='bbox 1281 922 1384 984; x_wconf 77' lang='lat' dir='ltr'>duobus</span> <span class='ocrx_word' id='word_1_129' title='bbox 1406 944 1454 1003; x_wconf 85' lang='lat'>52.</span> <span class='ocrx_word' id='word_1_130' title='bbox 1476 926 1506 1000; x_wconf 87' lang='lat'>§.</span> <span class='ocrx_word' id='word_1_131' title='bbox 1533 943 1577 1004; x_wconf 81' lang='grc' dir='ltr'><strong><em>ις.</em></strong></span> <span class='ocrx_word' id='word_1_132' title='bbox 1594 925 1633 1001; x_wconf 79' lang='lat' dir='ltr'>ff.</span> <span class='ocrx_word' id='word_1_133' title='bbox 1656 926 1765 986; x_wconf 72' lang='lat' dir='ltr'>Ptoio-</span> 
     </span>
     <span class='ocr_line' id='line_1_11' title="bbox 147 1001 1303 1085; baseline -0.002 -19"><span class='ocrx_word' id='word_1_134' title='bbox 147 1026 259 1068; x_wconf 81' lang='lat' dir='ltr'>mune.</span> <span class='ocrx_word' id='word_1_135' title='bbox 283 1007 463 1078; x_wconf 82' lang='lat' dir='ltr'>Communis,</span> <span class='ocrx_word' id='word_1_136' title='bbox 486 1021 536 1085; x_wconf 84' lang='lat' dir='ltr'>pet</span> <span class='ocrx_word' id='word_1_137' title='bbox 557 1016 629 1064; x_wconf 80' lang='lat' dir='ltr'>text.</span> <span class='ocrx_word' id='word_1_138' title='bbox 651 1002 682 1066; x_wconf 85' lang='lat' dir='ltr'>itt</span> <span class='ocrx_word' id='word_1_139' title='bbox 701 1001 724 1063; x_wconf 88' lang='lat' dir='ltr'>s.</span> <span class='ocrx_word' id='word_1_140' title='bbox 744 1007 818 1064; x_wconf 77' lang='lat' dir='ltr'>Cum</span> <span class='ocrx_word' id='word_1_141' title='bbox 837 1001 941 1062; x_wconf 68' lang='lat' dir='ltr'>dubo</span> <span class='ocrx_word' id='word_1_142' title='bbox 980 1005 1043 1072; x_wconf 87' lang='lat' dir='ltr'>cio,</span> <span class='ocrx_word' id='word_1_143' title='bbox 1066 1024 1127 1063; x_wconf 84' lang='lat' dir='ltr'>cum</span> <span class='ocrx_word' id='word_1_144' title='bbox 1144 1001 1303 1077; x_wconf 77' lang='lat' dir='ltr'>fimilibus.</span> 
     </span>
     <span class='ocr_line' id='line_1_12' title="bbox 152 1081 1827 1168; baseline 0.001 -20"><span class='ocrx_word' id='word_1_145' title='bbox 152 1088 241 1165; x_wconf 57' lang='grc' dir='ltr'>μδ.</span> <span class='ocrx_word' id='word_1_146' title='bbox 253 1106 283 1161; x_wconf 85' lang='grc'><strong><em>4.</em></strong></span> <span class='ocrx_word' id='word_1_147' title='bbox 289 1085 325 1161; x_wconf 78' lang='lat' dir='ltr'>ff.</span> <span class='ocrx_word' id='word_1_148' title='bbox 343 1089 395 1147; x_wconf 84' lang='lat' dir='ltr'>Pto</span> <span class='ocrx_word' id='word_1_149' title='bbox 399 1086 494 1162; x_wconf 84' lang='lat' dir='ltr'>socio.</span> <span class='ocrx_word' id='word_1_150' title='bbox 527 1113 528 1118; x_wconf 41' lang='lat'>¹</span> <span class='ocrx_word' id='word_1_151' title='bbox 988 1127 993 1136; x_wconf 78' lang='grc'><strong><em>.</em></strong></span> <span class='ocrx_word' id='word_1_152' title='bbox 1019 1083 1097 1144; x_wconf 86' lang='lat' dir='ltr'>Hinc</span> <span class='ocrx_word' id='word_1_153' title='bbox 1119 1081 1137 1143; x_wconf 91' lang='lat' dir='ltr'>st</span> <span class='ocrx_word' id='word_1_154' title='bbox 1159 1105 1194 1147; x_wconf 72' lang='grc' dir='ltr'>εκ</span> <span class='ocrx_word' id='word_1_155' title='bbox 1217 1083 1378 1147; x_wconf 82' lang='lat' dir='ltr'>necessuate</span> <span class='ocrx_word' id='word_1_156' title='bbox 1398 1083 1551 1148; x_wconf 82' lang='lat' dir='ltr'>Societttis</span> <span class='ocrx_word' id='word_1_157' title='bbox 1570 1083 1637 1168; x_wconf 79' lang='lat' dir='ltr'>quit</span> <span class='ocrx_word' id='word_1_158' title='bbox 1658 1107 1693 1149; x_wconf 85' lang='lat' dir='ltr'>ex</span> <span class='ocrx_word' id='word_1_159' title='bbox 1714 1085 1764 1148; x_wconf 86' lang='lat' dir='ltr'>So·</span> <span class='ocrx_word' id='word_1_160' title='bbox 1789 1088 1827 1150; x_wconf 85' lang='lat'>18</span> 
     </span>
     <span class='ocr_line' id='line_1_13' title="bbox 94 1160 1766 1258; baseline 0.001 -30"><span class='ocrx_word' id='word_1_161' title='bbox 94 1196 128 1258; x_wconf 86' lang='lat'>¹3</span> <span class='ocrx_word' id='word_1_162' title='bbox 193 1167 222 1228; x_wconf 88' lang='lat' dir='ltr'>Si</span> <span class='ocrx_word' id='word_1_163' title='bbox 244 1185 341 1230; x_wconf 85' lang='lat' dir='ltr'>uutetn</span> <span class='ocrx_word' id='word_1_164' title='bbox 364 1167 433 1246; x_wconf 90' lang='lat' dir='ltr'>quid</span> <span class='ocrx_word' id='word_1_165' title='bbox 454 1180 550 1247; x_wconf 79' lang='lat' dir='ltr'>pereat</span> <span class='ocrx_word' id='word_1_166' title='bbox 570 1161 656 1244; x_wconf 75' lang='lat' dir='ltr'>culpa</span> <span class='ocrx_word' id='word_1_167' title='bbox 687 1164 778 1237; x_wconf 78' lang='lat' dir='ltr'>leta,</span> <span class='ocrx_word' id='word_1_168' title='bbox 810 1162 856 1226; x_wconf 83' lang='lat' dir='ltr'>vel</span> <span class='ocrx_word' id='word_1_169' title='bbox 878 1160 937 1224; x_wconf 83' lang='lat' dir='ltr'>leui</span> <span class='ocrx_word' id='word_1_170' title='bbox 977 1163 1029 1225; x_wconf 81' lang='lat' dir='ltr'>ciis</span> <span class='ocrx_word' id='word_1_171' title='bbox 1048 1161 1243 1247; x_wconf 83' lang='lat' dir='ltr'>proficiscatur</span> <span class='ocrx_word' id='word_1_172' title='bbox 1265 1167 1295 1226; x_wconf 91' lang='lat' dir='ltr'>in</span> <span class='ocrx_word' id='word_1_173' title='bbox 1316 1166 1386 1228; x_wconf 81' lang='lat' dir='ltr'>alias</span> <span class='ocrx_word' id='word_1_174' title='bbox 1408 1165 1568 1246; x_wconf 81' lang='lat' dir='ltr'>Regiones,</span> <span class='ocrx_word' id='word_1_175' title='bbox 1593 1168 1766 1244; x_wconf 83' lang='lat' dir='ltr'>&amp;sumptus</span> 
     </span>
     <span class='ocr_line' id='line_1_14' title="bbox 154 1240 1768 1326; baseline -0.001 -17"><span class='ocrx_word' id='word_1_176' title='bbox 154 1248 238 1309; x_wconf 77' lang='lat' dir='ltr'>unius</span> <span class='ocrx_word' id='word_1_177' title='bbox 259 1247 354 1320; x_wconf 90' lang='lat' dir='ltr'>Socii,</span> <span class='ocrx_word' id='word_1_178' title='bbox 378 1263 491 1311; x_wconf 88' lang='lat' dir='ltr'>tenetur</span> <span class='ocrx_word' id='word_1_179' title='bbox 511 1243 585 1308; x_wconf 88' lang='lat' dir='ltr'>solus</span> <span class='ocrx_word' id='word_1_180' title='bbox 606 1243 673 1308; x_wconf 81' lang='lat' dir='ltr'>tulit</span> <span class='ocrx_word' id='word_1_181' title='bbox 693 1242 783 1307; x_wconf 75' lang='lat' dir='ltr'>socius</span> <span class='ocrx_word' id='word_1_182' title='bbox 801 1240 939 1323; x_wconf 79' lang='lat' dir='ltr'>adipsum</span> <span class='ocrx_word' id='word_1_183' title='bbox 982 1242 1066 1326; x_wconf 83' lang='lat' dir='ltr'>longe</span> <span class='ocrx_word' id='word_1_184' title='bbox 1090 1245 1213 1314; x_wconf 78' lang='lat' dir='ltr'>maiores</span> <span class='ocrx_word' id='word_1_185' title='bbox 1233 1243 1320 1308; x_wconf 80' lang='lat' dir='ltr'>societ</span> <span class='ocrx_word' id='word_1_186' title='bbox 1340 1289 1348 1318; x_wconf 92' lang='lat'>,</span> <span class='ocrx_word' id='word_1_187' title='bbox 1369 1265 1441 1324; x_wconf 82' lang='lat' dir='ltr'>quoe</span> <span class='ocrx_word' id='word_1_188' title='bbox 1462 1265 1519 1307; x_wconf 89' lang='lat' dir='ltr'>non</span> <span class='ocrx_word' id='word_1_189' title='bbox 1551 1246 1656 1309; x_wconf 82' lang='lat' dir='ltr'>sucetet</span> <span class='ocrx_word' id='word_1_190' title='bbox 1684 1245 1768 1308; x_wconf 88' lang='lat' dir='ltr'>domi</span> 
     </span>
     <span class='ocr_line' id='line_1_15' title="bbox 153 1317 1769 1406; baseline 0.001 -18"><span class='ocrx_word' id='word_1_191' title='bbox 153 1329 321 1399; x_wconf 77' lang='lat' dir='ltr'>damnum3</span> <span class='ocrx_word' id='word_1_192' title='bbox 351 1327 449 1392; x_wconf 81' lang='lat' dir='ltr'>Sociut</span> <span class='ocrx_word' id='word_1_193' title='bbox 469 1326 546 1387; x_wconf 91' lang='lat' dir='ltr'>enirn</span> <span class='ocrx_word' id='word_1_194' title='bbox 576 1342 688 1389; x_wconf 85' lang='lat' dir='ltr'>tenetur</span> <span class='ocrx_word' id='word_1_195' title='bbox 718 1317 813 1387; x_wconf 84' lang='lat' dir='ltr'>versut</span> <span class='ocrx_word' id='word_1_196' title='bbox 841 1321 940 1384; x_wconf 79' lang='lat' dir='ltr'>Socios</span> <span class='ocrx_word' id='word_1_197' title='bbox 982 1325 1008 1386; x_wconf 92' lang='lat' dir='ltr'>se</span> <span class='ocrx_word' id='word_1_198' title='bbox 1028 1324 1197 1398; x_wconf 84' lang='lat' dir='ltr'>continent,</span> <span class='ocrx_word' id='word_1_199' title='bbox 1220 1325 1357 1389; x_wconf 75' lang='lat' dir='ltr'>debetur</span> <span class='ocrx_word' id='word_1_200' title='bbox 1380 1327 1465 1390; x_wconf 81' lang='lat' dir='ltr'>bonit</span> <span class='ocrx_word' id='word_1_201' title='bbox 1485 1327 1637 1390; x_wconf 78' lang='lat' dir='ltr'>Societetis</span> <span class='ocrx_word' id='word_1_202' title='bbox 1658 1347 1717 1406; x_wconf 91' lang='lat' dir='ltr'>quo</span> <span class='ocrx_word' id='word_1_203' title='bbox 1731 1323 1769 1388; x_wconf 79' lang='lat' dir='ltr'>ad</span> 
     </span>
     <span class='ocr_line' id='line_1_16' title="bbox 153 1402 1770 1490; baseline -0.001 -19"><span class='ocrx_word' id='word_1_204' title='bbox 153 1408 295 1484; x_wconf 91' lang='lat' dir='ltr'>dedolo,</span> <span class='ocrx_word' id='word_1_205' title='bbox 318 1405 499 1490; x_wconf 75' lang='lat' dir='ltr'>crispulum,</span> <span class='ocrx_word' id='word_1_206' title='bbox 522 1404 660 1479; x_wconf 66' lang='lat' dir='ltr'>Stltus,</span> <span class='ocrx_word' id='word_1_207' title='bbox 691 1419 867 1467; x_wconf 81' lang='lat' dir='ltr'>nontamen</span> <span class='ocrx_word' id='word_1_208' title='bbox 900 1402 937 1465; x_wconf 82' lang='lat' dir='ltr'>ie·</span> <span class='ocrx_word' id='word_1_209' title='bbox 980 1404 1046 1467; x_wconf 81' lang='lat' dir='ltr'>illos</span> <span class='ocrx_word' id='word_1_210' title='bbox 1065 1402 1261 1486; x_wconf 73' lang='lat' dir='ltr'>compensati.</span> <span class='ocrx_word' id='word_1_211' title='bbox 1281 1411 1459 1483; x_wconf 82' lang='lat' dir='ltr'>Communis,</span> <span class='ocrx_word' id='word_1_212' title='bbox 1481 1423 1565 1470; x_wconf 87' lang='lat' dir='ltr'>textu</span> <span class='ocrx_word' id='word_1_213' title='bbox 1585 1407 1709 1489; x_wconf 81' lang='lat' dir='ltr'>expresso</span> <span class='ocrx_word' id='word_1_214' title='bbox 1738 1411 1770 1470; x_wconf 83' lang='lat' dir='ltr'>itt</span> 
     </span>
     <span class='ocr_line' id='line_1_17' title="bbox 153 1485 1766 1568; baseline -0.002 -14"><span class='ocrx_word' id='word_1_215' title='bbox 153 1487 286 1554; x_wconf 81' lang='lat' dir='ltr'>viffitnu.</span> <span class='ocrx_word' id='word_1_216' title='bbox 308 1491 490 1552; x_wconf 58' lang='lat' dir='ltr'>Cfflmuuit:</span> <span class='ocrx_word' id='word_1_217' title='bbox 513 1487 554 1547; x_wconf 88' lang='lat' dir='ltr'>Et</span> <span class='ocrx_word' id='word_1_218' title='bbox 572 1485 688 1565; x_wconf 88' lang='lat' dir='ltr'>quidem</span> <span class='ocrx_word' id='word_1_219' title='bbox 710 1486 786 1564; x_wconf 90' lang='lat' dir='ltr'>quod</span> <span class='ocrx_word' id='word_1_220' title='bbox 808 1500 937 1548; x_wconf 70' lang='lat' dir='ltr'>tenentur</span> <span class='ocrx_word' id='word_1_221' title='bbox 978 1489 1027 1546; x_wconf 86' lang='lat' dir='ltr'>eit.</span> <span class='ocrx_word' id='word_1_222' title='bbox 1050 1485 1103 1564; x_wconf 84' lang='lat' dir='ltr'>leg.</span> <span class='ocrx_word' id='word_1_223' title='bbox 1126 1491 1199 1549; x_wconf 79' lang='lat' dir='ltr'>Cum</span> <span class='ocrx_word' id='word_1_224' title='bbox 1219 1485 1322 1548; x_wconf 74' lang='lat' dir='ltr'>duobus</span> <span class='ocrx_word' id='word_1_225' title='bbox 1345 1506 1392 1567; x_wconf 84' lang='lat'>5²·</span> <span class='ocrx_word' id='word_1_226' title='bbox 1414 1490 1443 1567; x_wconf 89' lang='lat'>§.</span> <span class='ocrx_word' id='word_1_227' title='bbox 1470 1505 1515 1568; x_wconf 83' lang='lat' dir='ltr'>t5.</span> <span class='ocrx_word' id='word_1_228' title='bbox 1531 1488 1570 1567; x_wconf 66' lang='grc' dir='ltr'>ΒΣ</span> <span class='ocrx_word' id='word_1_229' title='bbox 1595 1493 1649 1551; x_wconf 88' lang='lat' dir='ltr'>Pro</span> <span class='ocrx_word' id='word_1_230' title='bbox 1669 1491 1766 1564; x_wconf 80' lang='lat' dir='ltr'>Surio,</span> 
     </span>
     <span class='ocr_line' id='line_1_18' title="bbox 153 1565 1222 1646; baseline -0.006 -12"><span class='ocrx_word' id='word_1_231' title='bbox 153 1571 298 1646; x_wconf 87' lang='lat' dir='ltr'>dedolo,</span> <span class='ocrx_word' id='word_1_232' title='bbox 318 1569 461 1632; x_wconf 77' lang='lat' dir='ltr'>evincitur</span> <span class='ocrx_word' id='word_1_233' title='bbox 481 1582 578 1646; x_wconf 81' lang='lat' dir='ltr'>epette</span> <span class='ocrx_word' id='word_1_234' title='bbox 599 1586 633 1628; x_wconf 80' lang='lat' dir='ltr'>et</span> <span class='ocrx_word' id='word_1_235' title='bbox 666 1567 695 1641; x_wconf 89' lang='lat'>§.</span> <span class='ocrx_word' id='word_1_236' title='bbox 726 1568 819 1627; x_wconf 73' lang='lat' dir='ltr'>suine</span> <span class='ocrx_word' id='word_1_237' title='bbox 840 1589 869 1644; x_wconf 87' lang='lat'>9.</span> <span class='ocrx_word' id='word_1_238' title='bbox 893 1567 938 1625; x_wconf 82' lang='lat' dir='ltr'>lu·</span> <span class='ocrx_word' id='word_1_239' title='bbox 978 1586 1045 1628; x_wconf 87' lang='lat' dir='ltr'>cum</span> <span class='ocrx_word' id='word_1_240' title='bbox 1067 1565 1222 1630; x_wconf 82' lang='lat' dir='ltr'>fimilibus.</span> 
     </span>
     <span class='ocr_line' id='line_1_19' title="bbox 148 1643 1829 1734; baseline 0.002 -26"><span class='ocrx_word' id='word_1_241' title='bbox 148 1652 241 1730; x_wconf 71' lang='lat' dir='ltr'>[litut.</span> <span class='ocrx_word' id='word_1_242' title='bbox 263 1654 298 1714; x_wconf 84' lang='lat' dir='ltr'>de</span> <span class='ocrx_word' id='word_1_243' title='bbox 313 1652 458 1732; x_wconf 76' lang='lat' dir='ltr'>sotietate,</span> <span class='ocrx_word' id='word_1_244' title='bbox 479 1647 530 1728; x_wconf 82' lang='lat' dir='ltr'>leg.</span> <span class='ocrx_word' id='word_1_245' title='bbox 550 1651 623 1706; x_wconf 82' lang='lat' dir='ltr'>cum</span> <span class='ocrx_word' id='word_1_246' title='bbox 643 1643 746 1706; x_wconf 76' lang='lat' dir='ltr'>duobus</span> <span class='ocrx_word' id='word_1_247' title='bbox 777 1665 825 1726; x_wconf 84' lang='lat'>52·</span> <span class='ocrx_word' id='word_1_248' title='bbox 854 1648 885 1723; x_wconf 87' lang='lat'>§.</span> <span class='ocrx_word' id='word_1_249' title='bbox 909 1665 938 1707; x_wconf 83' lang='lat'>2.</span> <span class='ocrx_word' id='word_1_250' title='bbox 1019 1647 1069 1709; x_wconf 81' lang='lat' dir='ltr'>An</span> <span class='ocrx_word' id='word_1_251' title='bbox 1091 1665 1186 1710; x_wconf 83' lang='lat' dir='ltr'>autem</span> <span class='ocrx_word' id='word_1_252' title='bbox 1208 1648 1375 1712; x_wconf 69' lang='lat' dir='ltr'>deducendo</span> <span class='ocrx_word' id='word_1_253' title='bbox 1396 1650 1448 1714; x_wconf 86' lang='lat' dir='ltr'>sint</span> <span class='ocrx_word' id='word_1_254' title='bbox 1459 1649 1585 1732; x_wconf 71' lang='lat' dir='ltr'>expenso</span> <span class='ocrx_word' id='word_1_255' title='bbox 1598 1649 1674 1726; x_wconf 80' lang='lat' dir='ltr'>illae,</span> <span class='ocrx_word' id='word_1_256' title='bbox 1695 1671 1767 1734; x_wconf 78' lang='lat' dir='ltr'>quat</span> <span class='ocrx_word' id='word_1_257' title='bbox 1790 1667 1829 1731; x_wconf 84' lang='lat'>19</span> 
     </span>
     <span class='ocr_line' id='line_1_20' title="bbox 157 1725 1767 1814; baseline 0.004 -23"><span class='ocrx_word' id='word_1_258' title='bbox 157 1732 197 1796; x_wconf 76' lang='lat' dir='ltr'>(t</span> <span class='ocrx_word' id='word_1_259' title='bbox 220 1755 247 1814; x_wconf 87' lang='lat'>3.</span> <span class='ocrx_word' id='word_1_260' title='bbox 263 1731 301 1806; x_wconf 79' lang='lat' dir='ltr'>ff.</span> <span class='ocrx_word' id='word_1_261' title='bbox 324 1731 378 1792; x_wconf 86' lang='lat' dir='ltr'>Pto</span> <span class='ocrx_word' id='word_1_262' title='bbox 393 1731 485 1807; x_wconf 82' lang='lat' dir='ltr'>socio,</span> <span class='ocrx_word' id='word_1_263' title='bbox 508 1747 574 1788; x_wconf 87' lang='lat' dir='ltr'>cunt</span> <span class='ocrx_word' id='word_1_264' title='bbox 598 1726 736 1788; x_wconf 74' lang='lat' dir='ltr'>similibus</span> <span class='ocrx_word' id='word_1_265' title='bbox 761 1767 769 1787; x_wconf 96' lang='lat'><strong>.</strong></span> <span class='ocrx_word' id='word_1_266' title='bbox 791 1727 879 1801; x_wconf 91' lang='lat' dir='ltr'>Quod</span> <span class='ocrx_word' id='word_1_267' title='bbox 898 1743 940 1789; x_wconf 90' lang='lat' dir='ltr'>te·</span> <span class='ocrx_word' id='word_1_268' title='bbox 980 1725 1071 1790; x_wconf 73' lang='lat' dir='ltr'>didius</span> <span class='ocrx_word' id='word_1_269' title='bbox 1091 1728 1191 1790; x_wconf 81' lang='lat' dir='ltr'>Socios</span> <span class='ocrx_word' id='word_1_270' title='bbox 1211 1729 1291 1790; x_wconf 85' lang='lat' dir='ltr'>dorni</span> <span class='ocrx_word' id='word_1_271' title='bbox 1313 1726 1436 1804; x_wconf 87' lang='lat' dir='ltr'>fecisset,</span> <span class='ocrx_word' id='word_1_272' title='bbox 1459 1732 1479 1792; x_wconf 86' lang='lat' dir='ltr'>si</span> <span class='ocrx_word' id='word_1_273' title='bbox 1499 1734 1559 1794; x_wconf 83' lang='lat' dir='ltr'>alio</span> <span class='ocrx_word' id='word_1_274' title='bbox 1581 1749 1698 1813; x_wconf 79' lang='lat' dir='ltr'>ptoptet</span> <span class='ocrx_word' id='word_1_275' title='bbox 1716 1733 1767 1797; x_wconf 92' lang='lat' dir='ltr'>So·</span> 
     </span>
     <span class='ocr_line' id='line_1_21' title="bbox 155 1805 1768 1888; baseline 0 -14"><span class='ocrx_word' id='word_1_276' title='bbox 155 1828 256 1874; x_wconf 79' lang='lat' dir='ltr'>otetur</span> <span class='ocrx_word' id='word_1_277' title='bbox 277 1811 373 1873; x_wconf 84' lang='lat' dir='ltr'>Sociut</span> <span class='ocrx_word' id='word_1_278' title='bbox 394 1813 428 1872; x_wconf 93' lang='lat' dir='ltr'>de</span> <span class='ocrx_word' id='word_1_279' title='bbox 447 1806 533 1886; x_wconf 76' lang='lat' dir='ltr'>culpa</span> <span class='ocrx_word' id='word_1_280' title='bbox 554 1807 632 1882; x_wconf 81' lang='lat' dir='ltr'>latu,</span> <span class='ocrx_word' id='word_1_281' title='bbox 655 1807 773 1870; x_wconf 78' lang='lat' dir='ltr'>hebetur</span> <span class='ocrx_word' id='word_1_282' title='bbox 802 1805 877 1871; x_wconf 77' lang='lat' dir='ltr'>clete</span> <span class='ocrx_word' id='word_1_283' title='bbox 906 1827 940 1868; x_wconf 87' lang='lat' dir='ltr'>ett</span> <span class='ocrx_word' id='word_1_284' title='bbox 981 1805 1116 1871; x_wconf 79' lang='lat' dir='ltr'>rietatem</span> <span class='ocrx_word' id='word_1_285' title='bbox 1140 1827 1197 1870; x_wconf 89' lang='lat' dir='ltr'>non</span> <span class='ocrx_word' id='word_1_286' title='bbox 1219 1807 1310 1888; x_wconf 85' lang='lat' dir='ltr'>suisset</span> <span class='ocrx_word' id='word_1_287' title='bbox 1332 1808 1494 1887; x_wconf 77' lang='lat' dir='ltr'>profeetuet</span> <span class='ocrx_word' id='word_1_288' title='bbox 1514 1813 1639 1873; x_wconf 82' lang='lat' dir='ltr'>Variant</span> <span class='ocrx_word' id='word_1_289' title='bbox 1662 1811 1768 1873; x_wconf 75' lang='lat' dir='ltr'>Doue-</span> 
     </span>
     <span class='ocr_line' id='line_1_22' title="bbox 155 1885 1769 1968; baseline -0.001 -15"><span class='ocrx_word' id='word_1_290' title='bbox 155 1896 204 1954; x_wconf 83' lang='lat' dir='ltr'>eit.</span> <span class='ocrx_word' id='word_1_291' title='bbox 226 1894 255 1966; x_wconf 86' lang='lat'>§.</span> <span class='ocrx_word' id='word_1_292' title='bbox 278 1894 369 1953; x_wconf 80' lang='lat' dir='ltr'>Setius</span> <span class='ocrx_word' id='word_1_293' title='bbox 390 1913 419 1966; x_wconf 84' lang='lat'>9.</span> <span class='ocrx_word' id='word_1_294' title='bbox 443 1887 563 1965; x_wconf 75' lang='lat' dir='ltr'>sallitat.</span> <span class='ocrx_word' id='word_1_295' title='bbox 584 1888 788 1968; x_wconf 73' lang='lat' dir='ltr'>deficiente,</span> <span class='ocrx_word' id='word_1_296' title='bbox 810 1889 863 1967; x_wconf 79' lang='lat' dir='ltr'>sug.</span> <span class='ocrx_word' id='word_1_297' title='bbox 887 1891 942 1949; x_wconf 84' lang='lat' dir='ltr'>Nos</span> <span class='ocrx_word' id='word_1_298' title='bbox 982 1907 1043 1949; x_wconf 81' lang='lat' dir='ltr'>tes.</span> <span class='ocrx_word' id='word_1_299' title='bbox 1067 1885 1263 1952; x_wconf 73' lang='lat' dir='ltr'>Detrahendas</span> <span class='ocrx_word' id='word_1_300' title='bbox 1282 1886 1362 1951; x_wconf 86' lang='lat' dir='ltr'>enim</span> <span class='ocrx_word' id='word_1_301' title='bbox 1395 1887 1446 1952; x_wconf 82' lang='lat' dir='ltr'>esse</span> <span class='ocrx_word' id='word_1_302' title='bbox 1475 1889 1630 1954; x_wconf 84' lang='lat' dir='ltr'>defendunt</span> <span class='ocrx_word' id='word_1_303' title='bbox 1665 1891 1769 1964; x_wconf 81' lang='lat' dir='ltr'>Major</span> 
     </span>
     <span class='ocr_line' id='line_1_23' title="bbox 154 1968 1766 2052; baseline 0.001 -19"><span class='ocrx_word' id='word_1_304' title='bbox 154 1971 187 2033; x_wconf 86' lang='lat' dir='ltr'>ob</span> <span class='ocrx_word' id='word_1_305' title='bbox 209 1993 269 2030; x_wconf 82' lang='lat' dir='ltr'>eam</span> <span class='ocrx_word' id='word_1_306' title='bbox 292 1989 341 2052; x_wconf 66' lang='grc' dir='ltr'><strong><em>ας.</em></strong></span> <span class='ocrx_word' id='word_1_307' title='bbox 365 1972 403 2034; x_wconf 62' lang='grc' dir='ltr'><em>Θ</em></span> <span class='ocrx_word' id='word_1_308' title='bbox 424 1971 446 2032; x_wconf 89' lang='lat' dir='ltr'>s.</span> <span class='ocrx_word' id='word_1_309' title='bbox 468 1974 562 2032; x_wconf 72' lang='lat' dir='ltr'>tactus</span> <span class='ocrx_word' id='word_1_310' title='bbox 584 1989 632 2046; x_wconf 81' lang='lat'>72.</span> <span class='ocrx_word' id='word_1_311' title='bbox 647 1969 681 2044; x_wconf 76' lang='lat' dir='ltr'>ff.</span> <span class='ocrx_word' id='word_1_312' title='bbox 699 1970 851 2047; x_wconf 81' lang='lat' dir='ltr'>Prosocio.</span> <span class='ocrx_word' id='word_1_313' title='bbox 873 1988 939 2031; x_wconf 86' lang='lat' dir='ltr'>cunt</span> <span class='ocrx_word' id='word_1_314' title='bbox 981 1970 1012 2029; x_wconf 82' lang='lat' dir='ltr'>in</span> <span class='ocrx_word' id='word_1_315' title='bbox 1030 1990 1061 2046; x_wconf 87' lang='lat'>4.</span> <span class='ocrx_word' id='word_1_316' title='bbox 1083 1969 1146 2032; x_wconf 84' lang='lat' dir='ltr'>dili.</span> <span class='ocrx_word' id='word_1_317' title='bbox 1173 1987 1220 2048; x_wconf 86' lang='lat'>15.</span> <span class='ocrx_word' id='word_1_318' title='bbox 1241 1993 1271 2050; x_wconf 84' lang='lat' dir='ltr'>q.</span> <span class='ocrx_word' id='word_1_319' title='bbox 1293 1990 1342 2048; x_wconf 87' lang='lat'>47.</span> <span class='ocrx_word' id='word_1_320' title='bbox 1358 1968 1487 2050; x_wconf 80' lang='lat' dir='ltr'>Angelus</span> <span class='ocrx_word' id='word_1_321' title='bbox 1508 1970 1709 2035; x_wconf 82' lang='lat' dir='ltr'>verb.Societat</span> <span class='ocrx_word' id='word_1_322' title='bbox 1736 1995 1766 2034; x_wconf 87' lang='lat' dir='ltr'>n.</span> 
     </span>
     <span class='ocr_line' id='line_1_24' title="bbox 153 2047 1771 2131; baseline -0.001 -17"><span class='ocrx_word' id='word_1_323' title='bbox 153 2053 293 2114; x_wconf 79' lang='lat' dir='ltr'>fimilibut</span> <span class='ocrx_word' id='word_1_324' title='bbox 312 2093 320 2114; x_wconf 92' lang='lat'><strong>.</strong></span> <span class='ocrx_word' id='word_1_325' title='bbox 340 2051 427 2126; x_wconf 91' lang='lat' dir='ltr'>Quod</span> <span class='ocrx_word' id='word_1_326' title='bbox 448 2068 578 2114; x_wconf 79' lang='lat' dir='ltr'>teneatur</span> <span class='ocrx_word' id='word_1_327' title='bbox 597 2051 697 2114; x_wconf 78' lang='lat' dir='ltr'>Sociut</span> <span class='ocrx_word' id='word_1_328' title='bbox 717 2049 805 2114; x_wconf 77' lang='lat' dir='ltr'>etiem</span> <span class='ocrx_word' id='word_1_329' title='bbox 827 2047 861 2110; x_wconf 90' lang='lat' dir='ltr'>de</span> <span class='ocrx_word' id='word_1_330' title='bbox 882 2048 940 2111; x_wconf 87' lang='lat' dir='ltr'>cul·</span> <span class='ocrx_word' id='word_1_331' title='bbox 985 2069 1032 2112; x_wconf 78' lang='grc' dir='ltr'><strong><em>η.</em></strong></span> <span class='ocrx_word' id='word_1_332' title='bbox 1053 2048 1185 2114; x_wconf 83' lang='lat' dir='ltr'>Silveliet</span> <span class='ocrx_word' id='word_1_333' title='bbox 1207 2050 1287 2113; x_wconf 84' lang='lat' dir='ltr'>verb.</span> <span class='ocrx_word' id='word_1_334' title='bbox 1313 2053 1433 2111; x_wconf 76' lang='lat' dir='ltr'>Societas</span> <span class='ocrx_word' id='word_1_335' title='bbox 1457 2072 1482 2114; x_wconf 90' lang='lat' dir='ltr'>r.</span> <span class='ocrx_word' id='word_1_336' title='bbox 1503 2074 1531 2131; x_wconf 85' lang='lat' dir='ltr'>q.</span> <span class='ocrx_word' id='word_1_337' title='bbox 1557 2072 1603 2114; x_wconf 73' lang='grc' dir='ltr'><strong><em>ιι.</em></strong></span> <span class='ocrx_word' id='word_1_338' title='bbox 1619 2047 1771 2114; x_wconf 80' lang='lat' dir='ltr'>Filiiuciue</span> 
     </span>
     <span class='ocr_line' id='line_1_25' title="bbox 152 2127 1769 2269; baseline 0 -75"><span class='ocrx_word' id='word_1_339' title='bbox 152 2152 190 2215; x_wconf 85' lang='lat' dir='ltr'>pu</span> <span class='ocrx_word' id='word_1_340' title='bbox 211 2133 289 2207; x_wconf 86' lang='lat' dir='ltr'>levi,</span> <span class='ocrx_word' id='word_1_341' title='bbox 312 2131 486 2195; x_wconf 82' lang='lat' dir='ltr'>demonsiret</span> <span class='ocrx_word' id='word_1_342' title='bbox 509 2127 761 2206; x_wconf 76' lang='lat' dir='ltr'>mmiseslaretio,</span> <span class='ocrx_word' id='word_1_343' title='bbox 783 2129 938 2208; x_wconf 79' lang='lat' dir='ltr'>qnieCon-</span> <span class='ocrx_word' id='word_1_344' title='bbox 979 2127 1061 2190; x_wconf 68' lang='lat' dir='ltr'>troii.</span> <span class='ocrx_word' id='word_1_345' title='bbox 1081 2131 1110 2192; x_wconf 87' lang='grc'>8.</span> <span class='ocrx_word' id='word_1_346' title='bbox 1134 2146 1196 2269; x_wconf 51' lang='lat' dir='ltr'>ctus.</span> <span class='ocrx_word' id='word_1_347' title='bbox 1221 2150 1247 2205; x_wconf 88' lang='lat'>3.</span> <span class='ocrx_word' id='word_1_348' title='bbox 1270 2152 1345 2192; x_wconf 79' lang='lat' dir='ltr'>num.</span> <span class='ocrx_word' id='word_1_349' title='bbox 1378 2150 1427 2209; x_wconf 78' lang='lat'>73.</span> <span class='ocrx_word' id='word_1_350' title='bbox 1457 2130 1554 2193; x_wconf 78' lang='lat' dir='ltr'>Gema</span> <span class='ocrx_word' id='word_1_351' title='bbox 1583 2132 1667 2210; x_wconf 86' lang='lat' dir='ltr'>decis.</span> <span class='ocrx_word' id='word_1_352' title='bbox 1699 2151 1769 2213; x_wconf 81' lang='lat'>²13·</span> 
     </span>
     <span class='ocr_line' id='line_1_26' title="bbox 153 2208 1768 2292; baseline -0.002 -16"><span class='ocrx_word' id='word_1_353' title='bbox 153 2214 260 2276; x_wconf 73' lang='lat' dir='ltr'>uanus</span> <span class='ocrx_word' id='word_1_354' title='bbox 281 2211 431 2276; x_wconf 83' lang='lat' dir='ltr'>Societatit</span> <span class='ocrx_word' id='word_1_355' title='bbox 452 2212 490 2275; x_wconf 82' lang='lat' dir='ltr'>esi</span> <span class='ocrx_word' id='word_1_356' title='bbox 510 2233 543 2274; x_wconf 82' lang='lat' dir='ltr'>et</span> <span class='ocrx_word' id='word_1_357' title='bbox 566 2210 641 2286; x_wconf 86' lang='lat' dir='ltr'>illit,</span> <span class='ocrx_word' id='word_1_358' title='bbox 662 2212 712 2291; x_wconf 88' lang='lat' dir='ltr'>qui</span> <span class='ocrx_word' id='word_1_359' title='bbox 733 2209 881 2273; x_wconf 85' lang='lat' dir='ltr'>conserunt</span> <span class='ocrx_word' id='word_1_360' title='bbox 904 2209 940 2270; x_wconf 80' lang='lat' dir='ltr'>ati</span> <span class='ocrx_word' id='word_1_361' title='bbox 980 2208 1129 2289; x_wconf 83' lang='lat' dir='ltr'>Rostgnol.</span> <span class='ocrx_word' id='word_1_362' title='bbox 1171 2213 1339 2272; x_wconf 78' lang='lat' dir='ltr'>esocietete</span> <span class='ocrx_word' id='word_1_363' title='bbox 1358 2208 1488 2271; x_wconf 58' lang='lat' dir='ltr'>contrad.</span> <span class='ocrx_word' id='word_1_364' title='bbox 1520 2233 1548 2286; x_wconf 90' lang='lat'>7.</span> <span class='ocrx_word' id='word_1_365' title='bbox 1575 2229 1684 2292; x_wconf 72' lang='lat' dir='ltr'>pretor.</span> <span class='ocrx_word' id='word_1_366' title='bbox 1721 2233 1768 2290; x_wconf 84' lang='lat'>¹3·</span> 
     </span>
     <span class='ocr_line' id='line_1_27' title="bbox 154 2288 1770 2372; baseline -0.001 -16"><span class='ocrx_word' id='word_1_367' title='bbox 154 2291 301 2372; x_wconf 88' lang='lat' dir='ltr'>utriusque</span> <span class='ocrx_word' id='word_1_368' title='bbox 323 2291 520 2356; x_wconf 77' lang='lat' dir='ltr'>contrahentis</span> <span class='ocrx_word' id='word_1_369' title='bbox 541 2291 699 2354; x_wconf 80' lang='lat' dir='ltr'>utilitatem</span> <span class='ocrx_word' id='word_1_370' title='bbox 723 2313 731 2359; x_wconf 89' lang='lat'>;</span> <span class='ocrx_word' id='word_1_371' title='bbox 752 2290 787 2351; x_wconf 87' lang='lat' dir='ltr'>In</span> <span class='ocrx_word' id='word_1_372' title='bbox 810 2288 869 2350; x_wconf 85' lang='lat' dir='ltr'>illie</span> <span class='ocrx_word' id='word_1_373' title='bbox 889 2309 937 2368; x_wconf 72' lang='lat' dir='ltr'>un·</span> <span class='ocrx_word' id='word_1_374' title='bbox 984 2314 1012 2350; x_wconf 82' lang='lat' dir='ltr'>n.</span> <span class='ocrx_word' id='word_1_375' title='bbox 1037 2309 1063 2368; x_wconf 86' lang='lat'>5.</span> <span class='ocrx_word' id='word_1_376' title='bbox 1084 2311 1144 2350; x_wconf 85' lang='lat' dir='ltr'>uer.</span> <span class='ocrx_word' id='word_1_377' title='bbox 1167 2292 1272 2352; x_wconf 81' lang='lat' dir='ltr'>Limite</span> <span class='ocrx_word' id='word_1_378' title='bbox 1309 2307 1407 2362; x_wconf 79' lang='lat' dir='ltr'>uerte,</span> <span class='ocrx_word' id='word_1_379' title='bbox 1431 2290 1461 2353; x_wconf 76' lang='grc' dir='ltr'>ἃ</span> <span class='ocrx_word' id='word_1_380' title='bbox 1482 2289 1532 2353; x_wconf 84' lang='lat' dir='ltr'>elii</span> <span class='ocrx_word' id='word_1_381' title='bbox 1556 2290 1608 2355; x_wconf 84' lang='lat' dir='ltr'>stae</span> <span class='ocrx_word' id='word_1_382' title='bbox 1623 2291 1770 2355; x_wconf 78' lang='lat' dir='ltr'>dusiinon</span> 
     </span>
     <span class='ocr_line' id='line_1_28' title="bbox 154 2315 1771 2454; baseline 0 -19"><span class='ocrx_word' id='word_1_383' title='bbox 154 2389 216 2437; x_wconf 87' lang='lat' dir='ltr'>tem</span> <span class='ocrx_word' id='word_1_384' title='bbox 238 2371 431 2436; x_wconf 73' lang='lat' dir='ltr'>conttuliibut</span> <span class='ocrx_word' id='word_1_385' title='bbox 450 2371 624 2436; x_wconf 81' lang='lat' dir='ltr'>contttltent</span> <span class='ocrx_word' id='word_1_386' title='bbox 636 2388 768 2441; x_wconf 90' lang='lat' dir='ltr'>tenetur,</span> <span class='ocrx_word' id='word_1_387' title='bbox 791 2368 893 2430; x_wconf 89' lang='lat' dir='ltr'>nedum</span> <span class='ocrx_word' id='word_1_388' title='bbox 908 2369 943 2432; x_wconf 87' lang='lat' dir='ltr'>de</span> <span class='ocrx_word' id='word_1_389' title='bbox 985 2367 1139 2432; x_wconf 81' lang='lat' dir='ltr'>sernenda</span> <span class='ocrx_word' id='word_1_390' title='bbox 1161 2369 1272 2435; x_wconf 83' lang='lat' dir='ltr'>tatione</span> <span class='ocrx_word' id='word_1_391' title='bbox 1290 2315 1358 2446; x_wconf 64' lang='lat' dir='ltr'>sote</span> <span class='ocrx_word' id='word_1_392' title='bbox 1380 2368 1522 2446; x_wconf 79' lang='lat' dir='ltr'>suffulta,</span> <span class='ocrx_word' id='word_1_393' title='bbox 1554 2373 1632 2451; x_wconf 87' lang='lat' dir='ltr'>quoti</span> <span class='ocrx_word' id='word_1_394' title='bbox 1664 2391 1771 2454; x_wconf 83' lang='lat' dir='ltr'>expen-</span> 
     </span>
     <span class='ocr_line' id='line_1_29' title="bbox 155 2449 1768 2534; baseline 0 -20"><span class='ocrx_word' id='word_1_395' title='bbox 155 2452 245 2526; x_wconf 86' lang='lat' dir='ltr'>dolo,</span> <span class='ocrx_word' id='word_1_396' title='bbox 268 2453 297 2515; x_wconf 76' lang='grc' dir='ltr'>δι</span> <span class='ocrx_word' id='word_1_397' title='bbox 318 2453 402 2534; x_wconf 78' lang='lat' dir='ltr'>culpa</span> <span class='ocrx_word' id='word_1_398' title='bbox 424 2453 503 2530; x_wconf 77' lang='lat' dir='ltr'>luta,</span> <span class='ocrx_word' id='word_1_399' title='bbox 525 2449 678 2515; x_wconf 78' lang='lat' dir='ltr'>sedetiam</span> <span class='ocrx_word' id='word_1_400' title='bbox 700 2450 734 2514; x_wconf 91' lang='lat' dir='ltr'>de</span> <span class='ocrx_word' id='word_1_401' title='bbox 757 2450 838 2523; x_wconf 84' lang='lat' dir='ltr'>levi,</span> <span class='ocrx_word' id='word_1_402' title='bbox 861 2466 942 2512; x_wconf 78' lang='lat' dir='ltr'>textu</span> <span class='ocrx_word' id='word_1_403' title='bbox 997 2469 1049 2522; x_wconf 78' lang='lat' dir='ltr'>es,</span> <span class='ocrx_word' id='word_1_404' title='bbox 1070 2470 1141 2529; x_wconf 80' lang='lat' dir='ltr'>quas</span> <span class='ocrx_word' id='word_1_405' title='bbox 1164 2450 1241 2512; x_wconf 88' lang='lat' dir='ltr'>Socii</span> <span class='ocrx_word' id='word_1_406' title='bbox 1263 2453 1291 2514; x_wconf 90' lang='lat' dir='ltr'>in</span> <span class='ocrx_word' id='word_1_407' title='bbox 1313 2453 1393 2515; x_wconf 81' lang='lat' dir='ltr'>rebus</span> <span class='ocrx_word' id='word_1_408' title='bbox 1415 2449 1469 2514; x_wconf 84' lang='lat' dir='ltr'>suit</span> <span class='ocrx_word' id='word_1_409' title='bbox 1491 2451 1613 2528; x_wconf 76' lang='lat' dir='ltr'>privetis</span> <span class='ocrx_word' id='word_1_410' title='bbox 1633 2450 1768 2526; x_wconf 82' lang='lat' dir='ltr'>faciunt,</span> 
     </span>
     <span class='ocr_line' id='line_1_30' title="bbox 157 2528 1771 2615; baseline 0 -21"><span class='ocrx_word' id='word_1_411' title='bbox 157 2533 282 2615; x_wconf 83' lang='lat' dir='ltr'>expresso</span> <span class='ocrx_word' id='word_1_412' title='bbox 303 2535 334 2594; x_wconf 80' lang='lat' dir='ltr'>in</span> <span class='ocrx_word' id='word_1_413' title='bbox 354 2537 374 2594; x_wconf 86' lang='lat' dir='ltr'>l.</span> <span class='ocrx_word' id='word_1_414' title='bbox 395 2536 429 2596; x_wconf 81' lang='lat' dir='ltr'>si</span> <span class='ocrx_word' id='word_1_415' title='bbox 448 2549 571 2596; x_wconf 71' lang='lat' dir='ltr'>atcerte</span> <span class='ocrx_word' id='word_1_416' title='bbox 593 2552 620 2612; x_wconf 82' lang='grc' dir='ltr'><strong><em>ς.</em></strong></span> <span class='ocrx_word' id='word_1_417' title='bbox 642 2534 671 2606; x_wconf 85' lang='lat'>§.</span> <span class='ocrx_word' id='word_1_418' title='bbox 695 2551 723 2592; x_wconf 88' lang='lat'>2.</span> <span class='ocrx_word' id='word_1_419' title='bbox 732 2529 942 2607; x_wconf 75' lang='lat' dir='ltr'>ffiCommoda·</span> <span class='ocrx_word' id='word_1_420' title='bbox 986 2530 1030 2593; x_wconf 83' lang='lat' dir='ltr'>vel</span> <span class='ocrx_word' id='word_1_421' title='bbox 1052 2528 1142 2594; x_wconf 82' lang='lat' dir='ltr'>satete</span> <span class='ocrx_word' id='word_1_422' title='bbox 1162 2530 1312 2609; x_wconf 86' lang='lat' dir='ltr'>deberent,</span> <span class='ocrx_word' id='word_1_423' title='bbox 1335 2553 1369 2597; x_wconf 82' lang='lat' dir='ltr'>et</span> <span class='ocrx_word' id='word_1_424' title='bbox 1391 2530 1439 2595; x_wconf 90' lang='lat' dir='ltr'>suo</span> <span class='ocrx_word' id='word_1_425' title='bbox 1462 2529 1570 2595; x_wconf 86' lang='lat' dir='ltr'>solvere</span> <span class='ocrx_word' id='word_1_426' title='bbox 1589 2533 1719 2608; x_wconf 85' lang='lat' dir='ltr'>debent,</span> <span class='ocrx_word' id='word_1_427' title='bbox 1746 2531 1771 2596; x_wconf 86' lang='lat' dir='ltr'>l.</span> 
     </span>
     <span class='ocr_line' id='line_1_31' title="bbox 158 2611 1770 2696; baseline 0.002 -24"><span class='ocrx_word' id='word_1_428' title='bbox 158 2615 204 2687; x_wconf 83' lang='lat' dir='ltr'>ti,</span> <span class='ocrx_word' id='word_1_429' title='bbox 226 2612 248 2672; x_wconf 89' lang='lat' dir='ltr'>s.</span> <span class='ocrx_word' id='word_1_430' title='bbox 272 2614 436 2677; x_wconf 69' lang='lat' dir='ltr'>Cannutius</span> <span class='ocrx_word' id='word_1_431' title='bbox 458 2633 505 2696; x_wconf 84' lang='lat'>23.</span> <span class='ocrx_word' id='word_1_432' title='bbox 521 2615 560 2691; x_wconf 81' lang='lat' dir='ltr'>ff.</span> <span class='ocrx_word' id='word_1_433' title='bbox 579 2613 613 2671; x_wconf 79' lang='lat' dir='ltr'>de</span> <span class='ocrx_word' id='word_1_434' title='bbox 634 2612 855 2690; x_wconf 69' lang='lat' dir='ltr'>Reguljurit,</span> <span class='ocrx_word' id='word_1_435' title='bbox 877 2629 943 2674; x_wconf 86' lang='lat' dir='ltr'>cum</span> <span class='ocrx_word' id='word_1_436' title='bbox 982 2615 1058 2670; x_wconf 80' lang='lat' dir='ltr'>Cum</span> <span class='ocrx_word' id='word_1_437' title='bbox 1079 2611 1182 2672; x_wconf 79' lang='lat' dir='ltr'>duobus</span> <span class='ocrx_word' id='word_1_438' title='bbox 1205 2631 1251 2690; x_wconf 87' lang='lat'>5²·</span> <span class='ocrx_word' id='word_1_439' title='bbox 1273 2614 1303 2690; x_wconf 89' lang='lat'>§.</span> <span class='ocrx_word' id='word_1_440' title='bbox 1333 2635 1376 2688; x_wconf 77' lang='grc' dir='ltr'><strong><em>ις.</em></strong></span> <span class='ocrx_word' id='word_1_441' title='bbox 1403 2613 1442 2676; x_wconf 71' lang='grc'>(9·</span> <span class='ocrx_word' id='word_1_442' title='bbox 1467 2613 1565 2689; x_wconf 75' lang='lat' dir='ltr'>16.ffi</span> <span class='ocrx_word' id='word_1_443' title='bbox 1589 2617 1644 2675; x_wconf 87' lang='lat' dir='ltr'>Pto</span> <span class='ocrx_word' id='word_1_444' title='bbox 1674 2614 1770 2675; x_wconf 75' lang='lat' dir='ltr'>socio.</span> 
     </span>
     <span class='ocr_line' id='line_1_32' title="bbox 157 2689 1771 2776; baseline 0 -22"><span class='ocrx_word' id='word_1_445' title='bbox 157 2692 313 2766; x_wconf 82' lang='lat' dir='ltr'>ssmilibus,</span> <span class='ocrx_word' id='word_1_446' title='bbox 336 2695 463 2776; x_wconf 80' lang='lat' dir='ltr'>adeoque</span> <span class='ocrx_word' id='word_1_447' title='bbox 484 2695 540 2757; x_wconf 74' lang='lat' dir='ltr'>&amp;o</span> <span class='ocrx_word' id='word_1_448' title='bbox 563 2692 649 2768; x_wconf 90' lang='lat' dir='ltr'>Quod</span> <span class='ocrx_word' id='word_1_449' title='bbox 681 2708 776 2753; x_wconf 82' lang='lat' dir='ltr'>autent</span> <span class='ocrx_word' id='word_1_450' title='bbox 810 2711 867 2753; x_wconf 90' lang='lat' dir='ltr'>nott</span> <span class='ocrx_word' id='word_1_451' title='bbox 897 2709 938 2755; x_wconf 91' lang='lat' dir='ltr'>te·</span> <span class='ocrx_word' id='word_1_452' title='bbox 981 2693 1051 2752; x_wconf 87' lang='lat' dir='ltr'>Non</span> <span class='ocrx_word' id='word_1_453' title='bbox 1074 2691 1124 2754; x_wconf 91' lang='lat' dir='ltr'>esse</span> <span class='ocrx_word' id='word_1_454' title='bbox 1154 2709 1250 2753; x_wconf 81' lang='lat' dir='ltr'>autent</span> <span class='ocrx_word' id='word_1_455' title='bbox 1282 2690 1468 2756; x_wconf 77' lang='lat' dir='ltr'>detrahendus</span> <span class='ocrx_word' id='word_1_456' title='bbox 1499 2691 1631 2757; x_wconf 85' lang='lat' dir='ltr'>susiinent</span> <span class='ocrx_word' id='word_1_457' title='bbox 1663 2689 1771 2755; x_wconf 77' lang='lat' dir='ltr'>Leliios</span> 
     </span>
     <span class='ocr_line' id='line_1_33' title="bbox 153 2768 1769 2856; baseline 0.001 -23"><span class='ocrx_word' id='word_1_458' title='bbox 153 2790 257 2837; x_wconf 74' lang='lat' dir='ltr'>nentur</span> <span class='ocrx_word' id='word_1_459' title='bbox 276 2775 376 2839; x_wconf 83' lang='lat' dir='ltr'>Sociut</span> <span class='ocrx_word' id='word_1_460' title='bbox 396 2776 430 2839; x_wconf 90' lang='lat' dir='ltr'>de</span> <span class='ocrx_word' id='word_1_461' title='bbox 451 2774 535 2856; x_wconf 77' lang='lat' dir='ltr'>culpe</span> <span class='ocrx_word' id='word_1_462' title='bbox 556 2771 718 2846; x_wconf 71' lang='lat' dir='ltr'>revisunt,</span> <span class='ocrx_word' id='word_1_463' title='bbox 742 2769 863 2834; x_wconf 80' lang='lat' dir='ltr'>habetur</span> <span class='ocrx_word' id='word_1_464' title='bbox 881 2771 936 2832; x_wconf 81' lang='lat' dir='ltr'>cse-</span> <span class='ocrx_word' id='word_1_465' title='bbox 978 2768 1031 2830; x_wconf 86' lang='lat' dir='ltr'>lib.</span> <span class='ocrx_word' id='word_1_466' title='bbox 1056 2790 1082 2830; x_wconf 86' lang='lat'>2.</span> <span class='ocrx_word' id='word_1_467' title='bbox 1106 2790 1166 2850; x_wconf 83' lang='lat' dir='ltr'>cap.</span> <span class='ocrx_word' id='word_1_468' title='bbox 1191 2791 1237 2842; x_wconf 67' lang='grc' dir='ltr'><strong><em>ες.</em></strong></span> <span class='ocrx_word' id='word_1_469' title='bbox 1258 2771 1326 2833; x_wconf 81' lang='lat' dir='ltr'>dub.</span> <span class='ocrx_word' id='word_1_470' title='bbox 1347 2773 1439 2835; x_wconf 83' lang='lat' dir='ltr'>ultim.</span> <span class='ocrx_word' id='word_1_471' title='bbox 1462 2799 1491 2835; x_wconf 83' lang='lat' dir='ltr'>n.</span> <span class='ocrx_word' id='word_1_472' title='bbox 1518 2795 1563 2854; x_wconf 85' lang='lat'>35.</span> <span class='ocrx_word' id='word_1_473' title='bbox 1580 2770 1769 2836; x_wconf 82' lang='lat' dir='ltr'>Azotiuslib.</span> 
     </span>
     <span class='ocr_line' id='line_1_34' title="bbox 150 2850 1772 2935; baseline 0 -21"><span class='ocrx_word' id='word_1_474' title='bbox 150 2873 241 2916; x_wconf 84' lang='lat' dir='ltr'>teet</span> <span class='ocrx_word' id='word_1_475' title='bbox 263 2855 314 2916; x_wconf 88' lang='lat' dir='ltr'>tit.</span> <span class='ocrx_word' id='word_1_476' title='bbox 335 2858 365 2932; x_wconf 86' lang='lat'>§.</span> <span class='ocrx_word' id='word_1_477' title='bbox 387 2859 481 2918; x_wconf 82' lang='lat' dir='ltr'>Setius</span> <span class='ocrx_word' id='word_1_478' title='bbox 501 2878 528 2932; x_wconf 86' lang='lat'>9.</span> <span class='ocrx_word' id='word_1_479' title='bbox 552 2854 671 2930; x_wconf 72' lang='lat' dir='ltr'>institut.</span> <span class='ocrx_word' id='word_1_480' title='bbox 685 2853 872 2930; x_wconf 80' lang='lat' dir='ltr'>desocietate:</span> <span class='ocrx_word' id='word_1_481' title='bbox 894 2850 943 2911; x_wconf 89' lang='lat' dir='ltr'>ubi</span> <span class='ocrx_word' id='word_1_482' title='bbox 985 2874 1015 2928; x_wconf 86' lang='lat'>9.</span> <span class='ocrx_word' id='word_1_483' title='bbox 1037 2867 1097 2928; x_wconf 81' lang='lat' dir='ltr'>cap.</span> <span class='ocrx_word' id='word_1_484' title='bbox 1123 2872 1150 2924; x_wconf 82' lang='grc' dir='ltr'><strong><em>ς.</em></strong></span> <span class='ocrx_word' id='word_1_485' title='bbox 1172 2875 1201 2930; x_wconf 86' lang='lat' dir='ltr'>q.</span> <span class='ocrx_word' id='word_1_486' title='bbox 1225 2852 1254 2912; x_wconf 91' lang='lat'>8.</span> <span class='ocrx_word' id='word_1_487' title='bbox 1278 2852 1431 2932; x_wconf 77' lang='lat' dir='ltr'>Reginuld.</span> <span class='ocrx_word' id='word_1_488' title='bbox 1452 2853 1503 2915; x_wconf 88' lang='lat' dir='ltr'>sib.</span> <span class='ocrx_word' id='word_1_489' title='bbox 1528 2875 1574 2930; x_wconf 84' lang='lat'>25.</span> <span class='ocrx_word' id='word_1_490' title='bbox 1598 2872 1657 2935; x_wconf 87' lang='lat' dir='ltr'>cap.</span> <span class='ocrx_word' id='word_1_491' title='bbox 1683 2873 1772 2932; x_wconf 85' lang='lat' dir='ltr'><strong>27.u.</strong></span> 
     </span>
     <span class='ocr_line' id='line_1_35' title="bbox 150 2929 1770 3096; baseline 0 -22"><span class='ocrx_word' id='word_1_492' title='bbox 150 2929 944 3096; x_wconf 55' lang='lat' dir='ltr'>iisli‘si.i}.i.⁵5.³l.⁰‘..².{ss.{smissdisssssssg</span> <span class='ocrx_word' id='word_1_493' title='bbox 980 2931 1216 3090; x_wconf 59' lang='lat' dir='ltr'>{ZJiLZy&#39;Y&#39;i</span> <span class='ocrx_word' id='word_1_494' title='bbox 1229 2932 1770 3090; x_wconf 57' lang='lat' dir='ltr'>&#39;susidis&#39;uiliiiiisi‘isi·</span> 
     </span>
     <span class='ocr_line' id='line_1_36' title="bbox 680 3053 1771 3087; baseline 0.002 -14"><span class='ocrx_word' id='word_1_495' title='bbox 680 3055 691 3087; x_wconf 73' lang='lat'>‚</span> <span class='ocrx_word' id='word_1_496' title='bbox 1067 3053 1075 3074; x_wconf 80' lang='grc' dir='ltr'>Ι</span> <span class='ocrx_word' id='word_1_497' title='bbox 1120 3057 1127 3074; x_wconf 79' lang='grc' dir='ltr'>Ι</span> <span class='ocrx_word' id='word_1_498' title='bbox 1170 3056 1178 3075; x_wconf 72' lang='lat'>0</span> <span class='ocrx_word' id='word_1_499' title='bbox 1221 3055 1229 3074; x_wconf 83' lang='grc' dir='ltr'>Ι</span> <span class='ocrx_word' id='word_1_500' title='bbox 1570 3057 1577 3074; x_wconf 71' lang='grc'>1</span> <span class='ocrx_word' id='word_1_501' title='bbox 1666 3055 1674 3074; x_wconf 75' lang='lat'>0</span> <span class='ocrx_word' id='word_1_502' title='bbox 1760 3055 1771 3075; x_wconf 75' lang='grc' dir='ltr'>Ο</span> 
     </span>
     <span class='ocr_line' id='line_1_37' title="bbox 154 3060 1771 3176; baseline -0.001 -20"><span class='ocrx_word' id='word_1_503' title='bbox 154 3093 276 3158; x_wconf 79' lang='lat' dir='ltr'>habetur</span> <span class='ocrx_word' id='word_1_504' title='bbox 296 3095 386 3157; x_wconf 79' lang='lat' dir='ltr'>etiam</span> <span class='ocrx_word' id='word_1_505' title='bbox 407 3099 439 3159; x_wconf 80' lang='lat' dir='ltr'>ie</span> <span class='ocrx_word' id='word_1_506' title='bbox 459 3096 507 3158; x_wconf 85' lang='lat' dir='ltr'>cit.</span> <span class='ocrx_word' id='word_1_507' title='bbox 528 3095 549 3156; x_wconf 87' lang='lat' dir='ltr'>s.</span> <span class='ocrx_word' id='word_1_508' title='bbox 570 3095 662 3156; x_wconf 78' lang='lat' dir='ltr'>Setius</span> <span class='ocrx_word' id='word_1_509' title='bbox 682 3113 733 3171; x_wconf 91' lang='lat'>72.</span> <span class='ocrx_word' id='word_1_510' title='bbox 753 3092 789 3166; x_wconf 77' lang='lat' dir='ltr'>ss·</span> <span class='ocrx_word' id='word_1_511' title='bbox 818 3094 872 3152; x_wconf 82' lang='lat' dir='ltr'>Pto</span> <span class='ocrx_word' id='word_1_512' title='bbox 897 3094 941 3171; x_wconf 77' lang='lat' dir='ltr'>Jo-</span> <span class='ocrx_word' id='word_1_513' title='bbox 985 3092 1110 3155; x_wconf 83' lang='lat' dir='ltr'>Navutt.</span> <span class='ocrx_word' id='word_1_514' title='bbox 1134 3060 1261 3156; x_wconf 56' lang='lat' dir='ltr'>Munitis.</span> <span class='ocrx_word' id='word_1_515' title='bbox 1283 3113 1342 3176; x_wconf 77' lang='lat' dir='ltr'>cap.</span> <span class='ocrx_word' id='word_1_516' title='bbox 1368 3115 1413 3174; x_wconf 85' lang='lat'>17.</span> <span class='ocrx_word' id='word_1_517' title='bbox 1435 3117 1510 3156; x_wconf 82' lang='lat' dir='ltr'>num.</span> <span class='ocrx_word' id='word_1_518' title='bbox 1543 3093 1612 3172; x_wconf 83' lang='lat'><strong>285.</strong></span> <span class='ocrx_word' id='word_1_519' title='bbox 1642 3095 1673 3154; x_wconf 74' lang='lat' dir='ltr'>dt</span> <span class='ocrx_word' id='word_1_520' title='bbox 1702 3093 1771 3166; x_wconf 80' lang='lat' dir='ltr'>atii,</span> 
     </span>
     <span class='ocr_line' id='line_1_38' title="bbox 157 3167 1769 3260; baseline 0.001 -25"><span class='ocrx_word' id='word_1_521' title='bbox 157 3178 216 3248; x_wconf 84' lang='lat' dir='ltr'>cio,</span> <span class='ocrx_word' id='word_1_522' title='bbox 238 3173 301 3236; x_wconf 87' lang='lat' dir='ltr'>ibi:</span> <span class='ocrx_word' id='word_1_523' title='bbox 324 3177 417 3260; x_wconf 74' lang='lat' dir='ltr'>Culpa</span> <span class='ocrx_word' id='word_1_524' title='bbox 436 3194 527 3237; x_wconf 80' lang='lat' dir='ltr'>autem</span> <span class='ocrx_word' id='word_1_525' title='bbox 548 3197 599 3237; x_wconf 85' lang='lat' dir='ltr'>nott</span> <span class='ocrx_word' id='word_1_526' title='bbox 617 3173 657 3236; x_wconf 79' lang='lat' dir='ltr'>ad</span> <span class='ocrx_word' id='word_1_527' title='bbox 675 3171 872 3252; x_wconf 60' lang='lat' dir='ltr'>exaudium</span> <span class='ocrx_word' id='word_1_528' title='bbox 900 3175 945 3236; x_wconf 81' lang='lat' dir='ltr'>di·</span> <span class='ocrx_word' id='word_1_529' title='bbox 986 3172 1040 3235; x_wconf 79' lang='lat' dir='ltr'>hac</span> <span class='ocrx_word' id='word_1_530' title='bbox 1060 3173 1135 3236; x_wconf 77' lang='lat' dir='ltr'>duni</span> <span class='ocrx_word' id='word_1_531' title='bbox 1158 3175 1288 3247; x_wconf 81' lang='lat' dir='ltr'>tatione,</span> <span class='ocrx_word' id='word_1_532' title='bbox 1309 3176 1385 3253; x_wconf 87' lang='lat' dir='ltr'>quod</span> <span class='ocrx_word' id='word_1_533' title='bbox 1408 3175 1477 3246; x_wconf 81' lang='lat' dir='ltr'>Juta&#39;</span> <span class='ocrx_word' id='word_1_534' title='bbox 1492 3167 1703 3255; x_wconf 73' lang='lat' dir='ltr'>prescribenda</span> <span class='ocrx_word' id='word_1_535' title='bbox 1717 3195 1769 3239; x_wconf 85' lang='lat' dir='ltr'>ex·</span> 
     </span>
     <span class='ocr_line' id='line_1_39' title="bbox 157 3251 1770 3341; baseline 0.002 -28"><span class='ocrx_word' id='word_1_536' title='bbox 157 3255 301 3335; x_wconf 78' lang='lat' dir='ltr'>ligentiam</span> <span class='ocrx_word' id='word_1_537' title='bbox 322 3256 469 3341; x_wconf 77' lang='lat' dir='ltr'>redigenda</span> <span class='ocrx_word' id='word_1_538' title='bbox 488 3256 543 3334; x_wconf 76' lang='lat' dir='ltr'>eJt.</span> <span class='ocrx_word' id='word_1_539' title='bbox 986 3251 1084 3334; x_wconf 80' lang='lat' dir='ltr'>pensat</span> <span class='ocrx_word' id='word_1_540' title='bbox 1105 3253 1267 3330; x_wconf 80' lang='lat' dir='ltr'>hujusmodi</span> <span class='ocrx_word' id='word_1_541' title='bbox 1290 3253 1430 3318; x_wconf 80' lang='lat' dir='ltr'>satiendas</span> <span class='ocrx_word' id='word_1_542' title='bbox 1451 3254 1556 3334; x_wconf 70' lang='lat' dir='ltr'>essedo</span> <span class='ocrx_word' id='word_1_543' title='bbox 1577 3254 1660 3317; x_wconf 83' lang='lat' dir='ltr'>bonis</span> <span class='ocrx_word' id='word_1_544' title='bbox 1674 3253 1770 3317; x_wconf 83' lang='lat' dir='ltr'>Socie-</span> 
     </span>
     <span class='ocr_line' id='line_1_40' title="bbox 101 3332 1769 3416; baseline -0.001 -19"><span class='ocrx_word' id='word_1_545' title='bbox 101 3355 141 3414; x_wconf 89' lang='lat' dir='ltr'>r4</span> <span class='ocrx_word' id='word_1_546' title='bbox 202 3332 248 3396; x_wconf 87' lang='lat' dir='ltr'>Ex</span> <span class='ocrx_word' id='word_1_547' title='bbox 270 3335 352 3400; x_wconf 78' lang='lat' dir='ltr'>diois</span> <span class='ocrx_word' id='word_1_548' title='bbox 374 3338 492 3402; x_wconf 86' lang='lat' dir='ltr'>insertur</span> <span class='ocrx_word' id='word_1_549' title='bbox 514 3335 632 3415; x_wconf 82' lang='lat' dir='ltr'>ptimo,</span> <span class='ocrx_word' id='word_1_550' title='bbox 654 3335 758 3416; x_wconf 88' lang='lat' dir='ltr'>quod,</span> <span class='ocrx_word' id='word_1_551' title='bbox 782 3334 801 3395; x_wconf 85' lang='lat' dir='ltr'>fi</span> <span class='ocrx_word' id='word_1_552' title='bbox 823 3353 866 3398; x_wconf 82' lang='lat' dir='ltr'>tet</span> <span class='ocrx_word' id='word_1_553' title='bbox 885 3347 941 3396; x_wconf 82' lang='lat' dir='ltr'>tta·</span> <span class='ocrx_word' id='word_1_554' title='bbox 983 3335 1052 3396; x_wconf 84' lang='lat' dir='ltr'>tatis</span> <span class='ocrx_word' id='word_1_555' title='bbox 1073 3333 1199 3398; x_wconf 81' lang='lat' dir='ltr'>absolute</span> <span class='ocrx_word' id='word_1_556' title='bbox 1221 3333 1377 3416; x_wconf 89' lang='lat' dir='ltr'>loquuntur</span> <span class='ocrx_word' id='word_1_557' title='bbox 1399 3333 1541 3405; x_wconf 71' lang='lat' dir='ltr'>stnesullu</span> <span class='ocrx_word' id='word_1_558' title='bbox 1573 3334 1769 3406; x_wconf 71' lang='lat' dir='ltr'>relitidiione,</span> 
     </span>
     <span class='ocr_line' id='line_1_41' title="bbox 159 3412 1770 3496; baseline 0.002 -22"><span class='ocrx_word' id='word_1_559' title='bbox 159 3412 222 3476; x_wconf 81' lang='lat' dir='ltr'>dita</span> <span class='ocrx_word' id='word_1_560' title='bbox 244 3413 488 3492; x_wconf 83' lang='lat' dir='ltr'>in·Societatem,</span> <span class='ocrx_word' id='word_1_561' title='bbox 510 3415 595 3480; x_wconf 90' lang='lat' dir='ltr'>suerit</span> <span class='ocrx_word' id='word_1_562' title='bbox 613 3413 690 3480; x_wconf 89' lang='lat' dir='ltr'>sotto</span> <span class='ocrx_word' id='word_1_563' title='bbox 708 3412 942 3478; x_wconf 74' lang='lat' dir='ltr'>subletudesesiu</span> <span class='ocrx_word' id='word_1_564' title='bbox 983 3435 1017 3477; x_wconf 90' lang='lat' dir='ltr'>ur</span> <span class='ocrx_word' id='word_1_565' title='bbox 1037 3431 1116 3496; x_wconf 81' lang='lat' dir='ltr'>patet</span> <span class='ocrx_word' id='word_1_566' title='bbox 1137 3438 1171 3478; x_wconf 86' lang='lat' dir='ltr'>et</span> <span class='ocrx_word' id='word_1_567' title='bbox 1194 3417 1242 3477; x_wconf 87' lang='lat' dir='ltr'>cit.</span> <span class='ocrx_word' id='word_1_568' title='bbox 1264 3415 1285 3476; x_wconf 89' lang='lat' dir='ltr'>l.</span> <span class='ocrx_word' id='word_1_569' title='bbox 1307 3421 1380 3476; x_wconf 74' lang='lat' dir='ltr'>cm</span> <span class='ocrx_word' id='word_1_570' title='bbox 1398 3414 1502 3477; x_wconf 80' lang='lat' dir='ltr'>duobus</span> <span class='ocrx_word' id='word_1_571' title='bbox 1527 3437 1573 3496; x_wconf 83' lang='lat'>52.</span> <span class='ocrx_word' id='word_1_572' title='bbox 1597 3417 1627 3490; x_wconf 83' lang='lat'>§.</span> <span class='ocrx_word' id='word_1_573' title='bbox 1652 3434 1697 3494; x_wconf 74' lang='grc' dir='ltr'><strong><em>ις.</em></strong></span> <span class='ocrx_word' id='word_1_574' title='bbox 1730 3415 1770 3477; x_wconf 72' lang='lat'>(9&#39;</span> 
     </span>
     <span class='ocr_line' id='line_1_42' title="bbox 159 3493 1775 3574; baseline 0.001 -18"><span class='ocrx_word' id='word_1_575' title='bbox 159 3494 263 3558; x_wconf 79' lang='lat' dir='ltr'>debite</span> <span class='ocrx_word' id='word_1_576' title='bbox 283 3496 430 3574; x_wconf 73' lang='lat' dir='ltr'>custodie,</span> <span class='ocrx_word' id='word_1_577' title='bbox 454 3515 585 3562; x_wconf 80' lang='lat' dir='ltr'>teneatur</span> <span class='ocrx_word' id='word_1_578' title='bbox 604 3496 672 3573; x_wconf 86' lang='lat' dir='ltr'>ille,</span> <span class='ocrx_word' id='word_1_579' title='bbox 693 3497 740 3558; x_wconf 90' lang='lat' dir='ltr'>cui</span> <span class='ocrx_word' id='word_1_580' title='bbox 760 3493 946 3571; x_wconf 79' lang='lat' dir='ltr'>detesuetat,</span> <span class='ocrx_word' id='word_1_581' title='bbox 994 3495 1091 3570; x_wconf 71' lang='lat' dir='ltr'>roffi</span> <span class='ocrx_word' id='word_1_582' title='bbox 1114 3499 1171 3556; x_wconf 79' lang='lat' dir='ltr'>Pro</span> <span class='ocrx_word' id='word_1_583' title='bbox 1190 3499 1282 3568; x_wconf 75' lang='lat' dir='ltr'>socio,</span> <span class='ocrx_word' id='word_1_584' title='bbox 1305 3497 1335 3557; x_wconf 77' lang='grc' dir='ltr'>δι</span> <span class='ocrx_word' id='word_1_585' title='bbox 1357 3497 1522 3559; x_wconf 72' lang='lat' dir='ltr'>similibus.</span> <span class='ocrx_word' id='word_1_586' title='bbox 1553 3497 1638 3570; x_wconf 91' lang='lat' dir='ltr'>Quod</span> <span class='ocrx_word' id='word_1_587' title='bbox 1673 3511 1775 3561; x_wconf 81' lang='lat' dir='ltr'>autern</span> 
     </span>
     <span class='ocr_line' id='line_1_43' title="bbox 51 3573 1772 3660; baseline 0.003 -25"><span class='ocrx_word' id='word_1_588' title='bbox 51 3577 54 3588; x_wconf 93' lang='lat'>&#39;</span> <span class='ocrx_word' id='word_1_589' title='bbox 160 3573 243 3637; x_wconf 79' lang='lat' dir='ltr'>illam</span> <span class='ocrx_word' id='word_1_590' title='bbox 266 3576 465 3660; x_wconf 81' lang='lat' dir='ltr'>compensate,</span> <span class='ocrx_word' id='word_1_591' title='bbox 488 3599 537 3642; x_wconf 88' lang='lat' dir='ltr'>nec</span> <span class='ocrx_word' id='word_1_592' title='bbox 557 3578 696 3640; x_wconf 77' lang='lat' dir='ltr'>domuum</span> <span class='ocrx_word' id='word_1_593' title='bbox 729 3577 762 3637; x_wconf 84' lang='lat' dir='ltr'>fit</span> <span class='ocrx_word' id='word_1_594' title='bbox 791 3595 948 3639; x_wconf 86' lang='lat' dir='ltr'>commune</span> <span class='ocrx_word' id='word_1_595' title='bbox 988 3574 1034 3639; x_wconf 86' lang='lat' dir='ltr'>lex</span> <span class='ocrx_word' id='word_1_596' title='bbox 1055 3595 1112 3636; x_wconf 90' lang='lat' dir='ltr'>nou</span> <span class='ocrx_word' id='word_1_597' title='bbox 1136 3573 1302 3655; x_wconf 79' lang='lat' dir='ltr'>distinguit,</span> <span class='ocrx_word' id='word_1_598' title='bbox 1325 3595 1416 3658; x_wconf 74' lang='lat' dir='ltr'>neque</span> <span class='ocrx_word' id='word_1_599' title='bbox 1436 3597 1487 3640; x_wconf 82' lang='lat' dir='ltr'>not</span> <span class='ocrx_word' id='word_1_600' title='bbox 1507 3573 1676 3655; x_wconf 82' lang='lat' dir='ltr'>distinguere</span> <span class='ocrx_word' id='word_1_601' title='bbox 1688 3576 1772 3642; x_wconf 88' lang='lat' dir='ltr'>debe·</span> 
     </span>
     <span class='ocr_line' id='line_1_44' title="bbox 158 3655 1771 3819; baseline 0.001 -23"><span class='ocrx_word' id='word_1_602' title='bbox 158 3655 275 3798; x_wconf 38' lang='lat' dir='ltr'>{iustiquze</span> <span class='ocrx_word' id='word_1_603' title='bbox 289 3660 579 3815; x_wconf 48' lang='lat' dir='ltr'>setongmgis’ffpei’</span> <span class='ocrx_word' id='word_1_604' title='bbox 589 3658 714 3819; x_wconf 53' lang='lat' dir='ltr'>t:sutirum</span> <span class='ocrx_word' id='word_1_605' title='bbox 734 3659 756 3720; x_wconf 50' lang='grc' dir='ltr'>Ι.</span> <span class='ocrx_word' id='word_1_606' title='bbox 777 3661 851 3720; x_wconf 65' lang='lat' dir='ltr'>cm</span> <span class='ocrx_word' id='word_1_607' title='bbox 879 3659 944 3719; x_wconf 49' lang='lat' dir='ltr'>dm.</span> <span class='ocrx_word' id='word_1_608' title='bbox 987 3673 1070 3798; x_wconf 47' lang='grc' dir='ltr'>ΕΒ,</span> <span class='ocrx_word' id='word_1_609' title='bbox 1085 3661 1255 3812; x_wconf 45' lang='lat'><em>5382?</em></span> <span class='ocrx_word' id='word_1_610' title='bbox 1269 3658 1498 3798; x_wconf 42' lang='lat' dir='ltr'>gzc‘s’ttthzlsc&#39;dteta</span> <span class='ocrx_word' id='word_1_611' title='bbox 1510 3657 1771 3802; x_wconf 35' lang='lat' dir='ltr'>{modas</span> 
     </span>
     <span class='ocr_line' id='line_1_45' title="bbox 272 3759 1774 3806; baseline 0.001 -8"><span class='ocrx_word' id='word_1_612' title='bbox 272 3779 537 3802; x_wconf 88' lang='lat'><strong>......</strong></span> <span class='ocrx_word' id='word_1_613' title='bbox 695 3781 703 3798; x_wconf 94' lang='lat'><strong>.</strong></span> <span class='ocrx_word' id='word_1_614' title='bbox 1181 3783 1188 3798; x_wconf 89' lang='lat'><strong>.</strong></span> <span class='ocrx_word' id='word_1_615' title='bbox 1237 3780 1245 3799; x_wconf 96' lang='lat'><strong>.</strong></span> <span class='ocrx_word' id='word_1_616' title='bbox 1433 3764 1461 3798; x_wconf 78' lang='lat' dir='ltr'>re</span> <span class='ocrx_word' id='word_1_617' title='bbox 1689 3765 1700 3800; x_wconf 80' lang='lat' dir='ltr'>r</span> <span class='ocrx_word' id='word_1_618' title='bbox 1763 3759 1774 3806; x_wconf 75' lang='lat' dir='ltr'>t</span> 
     </span>
     <span class='ocr_line' id='line_1_46' title="bbox 101 3753 1772 3916; baseline 0.002 -39"><span class='ocrx_word' id='word_1_619' title='bbox 101 3833 135 3896; x_wconf 84' lang='lat'>15</span> <span class='ocrx_word' id='word_1_620' title='bbox 201 3756 328 3882; x_wconf 69' lang='lat' dir='ltr'>insertur</span> <span class='ocrx_word' id='word_1_621' title='bbox 349 3759 490 3893; x_wconf 65' lang='lat' dir='ltr'>seeundo3,</span> <span class='ocrx_word' id='word_1_622' title='bbox 510 3763 593 3900; x_wconf 78' lang='lat' dir='ltr'>quots</span> <span class='ocrx_word' id='word_1_623' title='bbox 611 3839 668 3884; x_wconf 89' lang='lat' dir='ltr'>oon</span> <span class='ocrx_word' id='word_1_624' title='bbox 692 3815 785 3880; x_wconf 88' lang='lat' dir='ltr'>lulum</span> <span class='ocrx_word' id='word_1_625' title='bbox 817 3832 947 3882; x_wconf 81' lang='lat' dir='ltr'>tentetur</span> <span class='ocrx_word' id='word_1_626' title='bbox 988 3753 1111 3881; x_wconf 57' lang='lat' dir='ltr'>Atcfltt</span> <span class='ocrx_word' id='word_1_627' title='bbox 1134 3818 1245 3898; x_wconf 80' lang='lat' dir='ltr'>protis,</span> <span class='ocrx_word' id='word_1_628' title='bbox 1267 3819 1299 3880; x_wconf 71' lang='grc' dir='ltr'>ἃ</span> <span class='ocrx_word' id='word_1_629' title='bbox 1318 3815 1511 3890; x_wconf 90' lang='lat' dir='ltr'>consuetudo,</span> <span class='ocrx_word' id='word_1_630' title='bbox 1533 3835 1596 3898; x_wconf 83' lang='lat' dir='ltr'>quae</span> <span class='ocrx_word' id='word_1_631' title='bbox 1626 3820 1662 3882; x_wconf 91' lang='lat' dir='ltr'>esl</span> <span class='ocrx_word' id='word_1_632' title='bbox 1692 3820 1772 3916; x_wconf 69' lang='lat' dir='ltr'>opti-</span> 
     </span>
     <span class='ocr_line' id='line_1_47' title="bbox 158 3895 1775 3982; baseline 0.001 -24"><span class='ocrx_word' id='word_1_633' title='bbox 158 3895 262 3960; x_wconf 77' lang='lat' dir='ltr'>Socios</span> <span class='ocrx_word' id='word_1_634' title='bbox 282 3920 318 3961; x_wconf 84' lang='lat' dir='ltr'>ex</span> <span class='ocrx_word' id='word_1_635' title='bbox 339 3901 429 3976; x_wconf 90' lang='lat' dir='ltr'>doio,</span> <span class='ocrx_word' id='word_1_636' title='bbox 453 3899 537 3980; x_wconf 80' lang='lat' dir='ltr'>culpo</span> <span class='ocrx_word' id='word_1_637' title='bbox 556 3899 638 3974; x_wconf 76' lang='lat' dir='ltr'>lata,</span> <span class='ocrx_word' id='word_1_638' title='bbox 663 3898 693 3960; x_wconf 73' lang='grc' dir='ltr'>ἃ</span> <span class='ocrx_word' id='word_1_639' title='bbox 715 3897 773 3962; x_wconf 86' lang='lat' dir='ltr'>levi</span> <span class='ocrx_word' id='word_1_640' title='bbox 795 3897 824 3958; x_wconf 90' lang='lat' dir='ltr'>in</span> <span class='ocrx_word' id='word_1_641' title='bbox 846 3896 947 3960; x_wconf 88' lang='lat' dir='ltr'>ordine</span> <span class='ocrx_word' id='word_1_642' title='bbox 987 3919 1037 3960; x_wconf 82' lang='lat' dir='ltr'>tna</span> <span class='ocrx_word' id='word_1_643' title='bbox 1059 3899 1167 3978; x_wconf 83' lang='lat' dir='ltr'>Legum</span> <span class='ocrx_word' id='word_1_644' title='bbox 1190 3900 1349 3980; x_wconf 74' lang='lat' dir='ltr'>intetpteut</span> <span class='ocrx_word' id='word_1_645' title='bbox 1371 3900 1423 3982; x_wconf 75' lang='lat' dir='ltr'>seg.</span> <span class='ocrx_word' id='word_1_646' title='bbox 1438 3903 1469 3961; x_wconf 80' lang='lat' dir='ltr'>Si</span> <span class='ocrx_word' id='word_1_647' title='bbox 1489 3897 1523 3957; x_wconf 86' lang='lat' dir='ltr'>de</span> <span class='ocrx_word' id='word_1_648' title='bbox 1556 3902 1775 3981; x_wconf 75' lang='lat' dir='ltr'>interpretatione</span> 
     </span>
     <span class='ocr_line' id='line_1_48' title="bbox 155 3976 1771 4062; baseline 0.002 -24"><span class='ocrx_word' id='word_1_649' title='bbox 155 3977 194 4038; x_wconf 80' lang='lat' dir='ltr'>ed</span> <span class='ocrx_word' id='word_1_650' title='bbox 215 3976 354 4042; x_wconf 71' lang='lat' dir='ltr'>domnum</span> <span class='ocrx_word' id='word_1_651' title='bbox 375 4003 410 4044; x_wconf 85' lang='lat' dir='ltr'>et</span> <span class='ocrx_word' id='word_1_652' title='bbox 431 4001 464 4044; x_wconf 84' lang='lat' dir='ltr'>ea</span> <span class='ocrx_word' id='word_1_653' title='bbox 485 3978 633 4056; x_wconf 84' lang='lat' dir='ltr'>secutum,</span> <span class='ocrx_word' id='word_1_654' title='bbox 656 3977 700 4042; x_wconf 88' lang='lat' dir='ltr'>sed</span> <span class='ocrx_word' id='word_1_655' title='bbox 721 3977 809 4041; x_wconf 80' lang='lat' dir='ltr'>etium</span> <span class='ocrx_word' id='word_1_656' title='bbox 842 3979 871 4038; x_wconf 91' lang='lat' dir='ltr'>in</span> <span class='ocrx_word' id='word_1_657' title='bbox 901 3997 945 4039; x_wconf 90' lang='lat' dir='ltr'>or·</span> <span class='ocrx_word' id='word_1_658' title='bbox 989 4001 1038 4060; x_wconf 84' lang='lat'>37.</span> <span class='ocrx_word' id='word_1_659' title='bbox 1055 3978 1093 4052; x_wconf 76' lang='lat' dir='ltr'>ff.</span> <span class='ocrx_word' id='word_1_660' title='bbox 1113 3978 1292 4062; x_wconf 67' lang='lat' dir='ltr'>delegisses,</span> <span class='ocrx_word' id='word_1_661' title='bbox 1316 3985 1460 4060; x_wconf 58' lang='lat' dir='ltr'>concion</span> <span class='ocrx_word' id='word_1_662' title='bbox 1475 3978 1678 4042; x_wconf 63' lang='lat' dir='ltr'>ultenatum</span> <span class='ocrx_word' id='word_1_663' title='bbox 1699 3985 1771 4042; x_wconf 83' lang='lat' dir='ltr'>Cun-</span> 
     </span>
     <span class='ocr_line' id='line_1_49' title="bbox 155 4055 1772 4139; baseline 0.004 -21"><span class='ocrx_word' id='word_1_664' title='bbox 155 4055 226 4120; x_wconf 78' lang='lat' dir='ltr'>dine</span> <span class='ocrx_word' id='word_1_665' title='bbox 246 4059 283 4120; x_wconf 81' lang='lat' dir='ltr'>etl</span> <span class='ocrx_word' id='word_1_666' title='bbox 304 4059 415 4126; x_wconf 84' lang='lat' dir='ltr'>suetum</span> <span class='ocrx_word' id='word_1_667' title='bbox 436 4059 556 4134; x_wconf 81' lang='lat' dir='ltr'>cessans,</span> <span class='ocrx_word' id='word_1_668' title='bbox 579 4061 609 4124; x_wconf 78' lang='lat' dir='ltr'>oe</span> <span class='ocrx_word' id='word_1_669' title='bbox 630 4059 943 4139; x_wconf 82' lang='lat' dir='ltr'>damnumetoetgens.</span> <span class='ocrx_word' id='word_1_670' title='bbox 982 4060 1152 4139; x_wconf 79' lang='lat' dir='ltr'>suetudine,</span> <span class='ocrx_word' id='word_1_671' title='bbox 1176 4081 1237 4138; x_wconf 84' lang='lat' dir='ltr'>qute</span> <span class='ocrx_word' id='word_1_672' title='bbox 1259 4059 1306 4122; x_wconf 89' lang='lat' dir='ltr'>ubi</span> <span class='ocrx_word' id='word_1_673' title='bbox 1317 4080 1382 4124; x_wconf 87' lang='lat' dir='ltr'>vete</span> <span class='ocrx_word' id='word_1_674' title='bbox 1396 4061 1483 4134; x_wconf 78' lang='lat' dir='ltr'>adsit,</span> <span class='ocrx_word' id='word_1_675' title='bbox 1506 4059 1706 4138; x_wconf 79' lang='lat' dir='ltr'>eoserueude,</span> <span class='ocrx_word' id='word_1_676' title='bbox 1727 4081 1772 4122; x_wconf 87' lang='lat' dir='ltr'>at-</span> 
     </span>
     <span class='ocr_line' id='line_1_50' title="bbox 153 4137 1618 4221; baseline 0.002 -22"><span class='ocrx_word' id='word_1_677' title='bbox 153 4142 338 4218; x_wconf 70' lang='lat' dir='ltr'>commuto,</span> <span class='ocrx_word' id='word_1_678' title='bbox 358 4141 444 4205; x_wconf 73' lang='lat' dir='ltr'>clarit</span> <span class='ocrx_word' id='word_1_679' title='bbox 463 4141 591 4204; x_wconf 77' lang='lat' dir='ltr'>textibus</span> <span class='ocrx_word' id='word_1_680' title='bbox 613 4145 644 4202; x_wconf 85' lang='lat' dir='ltr'>in</span> <span class='ocrx_word' id='word_1_681' title='bbox 665 4140 718 4218; x_wconf 78' lang='lat' dir='ltr'>leg·</span> <span class='ocrx_word' id='word_1_682' title='bbox 740 4145 814 4200; x_wconf 84' lang='lat' dir='ltr'>Cum</span> <span class='ocrx_word' id='word_1_683' title='bbox 843 4137 947 4200; x_wconf 76' lang='lat' dir='ltr'>duobus</span> <span class='ocrx_word' id='word_1_684' title='bbox 984 4163 1063 4220; x_wconf 78' lang='lat' dir='ltr'>gum.</span> <span class='ocrx_word' id='word_1_685' title='bbox 1075 4159 1133 4221; x_wconf 87' lang='lat' dir='ltr'>cap.</span> <span class='ocrx_word' id='word_1_686' title='bbox 1145 4147 1304 4203; x_wconf 80' lang='lat' dir='ltr'>Cumtanto</span> <span class='ocrx_word' id='word_1_687' title='bbox 1318 4139 1618 4217; x_wconf 70' lang='lat' dir='ltr'>tttdecousttetudt&#39;ue.</span> 
     </span>
     <span class='ocr_line' id='line_1_51' title="bbox 158 4215 1832 4366; baseline 0.002 -86"><span class='ocrx_word' id='word_1_688' title='bbox 158 4237 211 4362; x_wconf 57' lang='lat' dir='ltr'>{sd</span> <span class='ocrx_word' id='word_1_689' title='bbox 230 4217 263 4296; x_wconf 88' lang='lat'>§.</span> <span class='ocrx_word' id='word_1_690' title='bbox 288 4239 335 4286; x_wconf 80' lang='lat' dir='ltr'>tt.</span> <span class='ocrx_word' id='word_1_691' title='bbox 350 4223 390 4300; x_wconf 74' lang='lat' dir='ltr'>ff.</span> <span class='ocrx_word' id='word_1_692' title='bbox 411 4225 467 4284; x_wconf 84' lang='lat' dir='ltr'>Pro</span> <span class='ocrx_word' id='word_1_693' title='bbox 482 4223 556 4302; x_wconf 84' lang='lat' dir='ltr'>socio</span> <span class='ocrx_word' id='word_1_694' title='bbox 576 4265 588 4298; x_wconf 83' lang='lat'>,</span> <span class='ocrx_word' id='word_1_695' title='bbox 609 4221 648 4286; x_wconf 65' lang='grc'>(9</span> <span class='ocrx_word' id='word_1_696' title='bbox 667 4223 689 4282; x_wconf 87' lang='lat' dir='ltr'>l.</span> <span class='ocrx_word' id='word_1_697' title='bbox 711 4223 818 4284; x_wconf 74' lang='lat' dir='ltr'>Sotium</span> <span class='ocrx_word' id='word_1_698' title='bbox 840 4224 888 4282; x_wconf 80' lang='lat'>60.</span> <span class='ocrx_word' id='word_1_699' title='bbox 905 4215 945 4295; x_wconf 75' lang='lat' dir='ltr'>ff·</span> <span class='ocrx_word' id='word_1_700' title='bbox 986 4221 1335 4366; x_wconf 41' lang='lat' dir='ltr'>slCondueniungatuatnegn</span> <span class='ocrx_word' id='word_1_701' title='bbox 1359 4243 1477 4366; x_wconf 56' lang='lat' dir='ltr'>omntes,</span> <span class='ocrx_word' id='word_1_702' title='bbox 1499 4224 1578 4363; x_wconf 51' lang='lat' dir='ltr'>quot}</span> <span class='ocrx_word' id='word_1_703' title='bbox 1597 4241 1656 4363; x_wconf 51' lang='lat' dir='ltr'>nolo</span> <span class='ocrx_word' id='word_1_704' title='bbox 1684 4221 1770 4285; x_wconf 85' lang='lat' dir='ltr'>essent</span> <span class='ocrx_word' id='word_1_705' title='bbox 1791 4231 1832 4276; x_wconf 78' lang='lat'>²0</span> 
     </span>
     <span class='ocr_line' id='line_1_52' title="bbox 211 4321 1771 4368; baseline -0.001 -4"><span class='ocrx_word' id='word_1_706' title='bbox 211 4341 221 4358; x_wconf 86' lang='lat'><strong>·</strong></span> <span class='ocrx_word' id='word_1_707' title='bbox 857 4322 862 4329; x_wconf 83' lang='lat'><strong>·</strong></span> <span class='ocrx_word' id='word_1_708' title='bbox 998 4321 1180 4366; x_wconf 80' lang='lat' dir='ltr'>ovenaeet</span> <span class='ocrx_word' id='word_1_709' title='bbox 1275 4321 1505 4368; x_wconf 80' lang='lat' dir='ltr'>s.octetatstu</span> <span class='ocrx_word' id='word_1_710' title='bbox 1544 4323 1617 4365; x_wconf 82' lang='lat' dir='ltr'>naet</span> <span class='ocrx_word' id='word_1_711' title='bbox 1642 4323 1664 4362; x_wconf 84' lang='lat' dir='ltr'>ae</span> <span class='ocrx_word' id='word_1_712' title='bbox 1730 4321 1771 4362; x_wconf 83' lang='lat' dir='ltr'>ute</span> 
     </span>
     <span class='ocr_line' id='line_1_53' title="bbox 102 4321 1769 4466; baseline 0.001 -26"><span class='ocrx_word' id='word_1_713' title='bbox 102 4381 141 4441; x_wconf 82' lang='lat' dir='ltr'>td</span> <span class='ocrx_word' id='word_1_714' title='bbox 202 4377 328 4446; x_wconf 85' lang='lat' dir='ltr'>insertur</span> <span class='ocrx_word' id='word_1_715' title='bbox 348 4381 469 4458; x_wconf 87' lang='lat' dir='ltr'>tertio,</span> <span class='ocrx_word' id='word_1_716' title='bbox 500 4383 579 4466; x_wconf 82' lang='lat' dir='ltr'>quod</span> <span class='ocrx_word' id='word_1_717' title='bbox 607 4403 641 4448; x_wconf 82' lang='lat' dir='ltr'>ex</span> <span class='ocrx_word' id='word_1_718' title='bbox 671 4381 758 4465; x_wconf 79' lang='lat' dir='ltr'>culpe</span> <span class='ocrx_word' id='word_1_719' title='bbox 776 4379 865 4445; x_wconf 82' lang='lat' dir='ltr'>etiam</span> <span class='ocrx_word' id='word_1_720' title='bbox 886 4377 946 4443; x_wconf 88' lang='lat' dir='ltr'>leti</span> <span class='ocrx_word' id='word_1_721' title='bbox 987 4381 1149 4459; x_wconf 85' lang='lat' dir='ltr'>inutiliter,</span> <span class='ocrx_word' id='word_1_722' title='bbox 1170 4385 1202 4448; x_wconf 75' lang='grc' dir='ltr'>ἃ</span> <span class='ocrx_word' id='word_1_723' title='bbox 1223 4326 1432 4450; x_wconf 69' lang='lat' dir='ltr'>rationabiliter</span> <span class='ocrx_word' id='word_1_724' title='bbox 1452 4322 1551 4447; x_wconf 60' lang='lat' dir='ltr'>tieteprst</span> <span class='ocrx_word' id='word_1_725' title='bbox 1565 4321 1769 4455; x_wconf 54' lang='lat' dir='ltr'>inconriviit,</span> 
     </span>
     <span class='ocr_line' id='line_1_54' title="bbox 163 4457 1770 4542; baseline 0.001 -22"><span class='ocrx_word' id='word_1_726' title='bbox 163 4457 284 4533; x_wconf 80' lang='lat' dir='ltr'>usicuiut</span> <span class='ocrx_word' id='word_1_727' title='bbox 302 4485 336 4526; x_wconf 80' lang='lat' dir='ltr'>et</span> <span class='ocrx_word' id='word_1_728' title='bbox 357 4462 450 4529; x_wconf 76' lang='lat' dir='ltr'>Soctte</span> <span class='ocrx_word' id='word_1_729' title='bbox 470 4480 621 4529; x_wconf 81' lang='lat' dir='ltr'>teneantur</span> <span class='ocrx_word' id='word_1_730' title='bbox 641 4465 729 4527; x_wconf 82' lang='lat' dir='ltr'>etiam</span> <span class='ocrx_word' id='word_1_731' title='bbox 752 4461 866 4526; x_wconf 84' lang='lat' dir='ltr'>heredes</span> <span class='ocrx_word' id='word_1_732' title='bbox 877 4457 947 4536; x_wconf 87' lang='lat' dir='ltr'>ejus·</span> <span class='ocrx_word' id='word_1_733' title='bbox 989 4461 1108 4542; x_wconf 78' lang='lat' dir='ltr'>aliisque</span> <span class='ocrx_word' id='word_1_734' title='bbox 1129 4465 1210 4529; x_wconf 78' lang='lat' dir='ltr'>rebus</span> <span class='ocrx_word' id='word_1_735' title='bbox 1231 4487 1289 4532; x_wconf 91' lang='lat' dir='ltr'>non</span> <span class='ocrx_word' id='word_1_736' title='bbox 1313 4464 1468 4530; x_wconf 79' lang='lat' dir='ltr'>necessariis</span> <span class='ocrx_word' id='word_1_737' title='bbox 1489 4488 1497 4536; x_wconf 69' lang='grc' dir='ltr'><strong>ς</strong></span> <span class='ocrx_word' id='word_1_738' title='bbox 1528 4464 1582 4525; x_wconf 79' lang='lat' dir='ltr'>itte</span> <span class='ocrx_word' id='word_1_739' title='bbox 1602 4461 1680 4527; x_wconf 87' lang='lat' dir='ltr'>enim</span> <span class='ocrx_word' id='word_1_740' title='bbox 1702 4479 1770 4522; x_wconf 86' lang='lat' dir='ltr'>curn</span> 
     </span>
     <span class='ocr_line' id='line_1_55' title="bbox 162 4538 1769 4627; baseline 0.002 -27"><span class='ocrx_word' id='word_1_741' title='bbox 162 4538 230 4603; x_wconf 89' lang='lat' dir='ltr'>dem</span> <span class='ocrx_word' id='word_1_742' title='bbox 251 4542 440 4624; x_wconf 78' lang='lat' dir='ltr'>destnquentit</span> <span class='ocrx_word' id='word_1_743' title='bbox 460 4543 496 4607; x_wconf 80' lang='lat' dir='ltr'>ed</span> <span class='ocrx_word' id='word_1_744' title='bbox 517 4543 784 4627; x_wconf 81' lang='lat' dir='ltr'>compensationem</span> <span class='ocrx_word' id='word_1_745' title='bbox 806 4543 888 4606; x_wconf 83' lang='lat' dir='ltr'>alteri</span> <span class='ocrx_word' id='word_1_746' title='bbox 910 4563 945 4606; x_wconf 81' lang='lat' dir='ltr'>tx</span> <span class='ocrx_word' id='word_1_747' title='bbox 989 4563 1047 4604; x_wconf 89' lang='lat' dir='ltr'>non</span> <span class='ocrx_word' id='word_1_748' title='bbox 1069 4544 1201 4610; x_wconf 83' lang='lat' dir='ltr'>cederent</span> <span class='ocrx_word' id='word_1_749' title='bbox 1223 4548 1252 4612; x_wconf 89' lang='lat' dir='ltr'>in</span> <span class='ocrx_word' id='word_1_750' title='bbox 1274 4548 1382 4612; x_wconf 88' lang='lat' dir='ltr'>bonum</span> <span class='ocrx_word' id='word_1_751' title='bbox 1405 4543 1574 4616; x_wconf 74' lang='lat' dir='ltr'>societatis,</span> <span class='ocrx_word' id='word_1_752' title='bbox 1598 4563 1649 4606; x_wconf 85' lang='lat' dir='ltr'>nec</span> <span class='ocrx_word' id='word_1_753' title='bbox 1669 4541 1704 4604; x_wconf 86' lang='lat' dir='ltr'>de</span> <span class='ocrx_word' id='word_1_754' title='bbox 1718 4541 1769 4603; x_wconf 65' lang='lat' dir='ltr'>bo</span> 
     </span>
     <span class='ocr_line' id='line_1_56' title="bbox 164 4618 1770 4772; baseline -0.004 -81"><span class='ocrx_word' id='word_1_755' title='bbox 164 4619 257 4686; x_wconf 72' lang='lat' dir='ltr'>Sociis</span> <span class='ocrx_word' id='word_1_756' title='bbox 275 4618 453 4713; x_wconf 66' lang='lat' dir='ltr'>sucieodm.</span> <span class='ocrx_word' id='word_1_757' title='bbox 469 4629 654 4704; x_wconf 75' lang='lat' dir='ltr'>-cemmtuie,</span> <span class='ocrx_word' id='word_1_758' title='bbox 675 4625 758 4692; x_wconf 82' lang='lat' dir='ltr'>clutit</span> <span class='ocrx_word' id='word_1_759' title='bbox 780 4623 904 4690; x_wconf 74' lang='lat' dir='ltr'>textibus</span> <span class='ocrx_word' id='word_1_760' title='bbox 914 4625 945 4690; x_wconf 80' lang='lat' dir='ltr'>iu</span> <span class='ocrx_word' id='word_1_761' title='bbox 987 4621 1036 4689; x_wconf 86' lang='lat' dir='ltr'>uis</span> <span class='ocrx_word' id='word_1_762' title='bbox 1054 4623 1228 4708; x_wconf 81' lang='lat' dir='ltr'>Societttit‚</span> <span class='ocrx_word' id='word_1_763' title='bbox 1250 4627 1298 4698; x_wconf 86' lang='lat' dir='ltr'>sed</span> <span class='ocrx_word' id='word_1_764' title='bbox 1316 4627 1454 4772; x_wconf 71' lang='lat' dir='ltr'>decbonit</span> <span class='ocrx_word' id='word_1_765' title='bbox 1474 4624 1596 4709; x_wconf 77' lang='lat' dir='ltr'>propriis</span> <span class='ocrx_word' id='word_1_766' title='bbox 1615 4643 1669 4764; x_wconf 51' lang='lat' dir='ltr'>et}</span> <span class='ocrx_word' id='word_1_767' title='bbox 1681 4620 1770 4685; x_wconf 86' lang='lat' dir='ltr'>inuti-</span> 
     </span>
     <span class='ocr_line' id='line_1_57' title="bbox 289 4715 1736 4786; baseline -0.003 -20"><span class='ocrx_word' id='word_1_768' title='bbox 289 4721 291 4730; x_wconf 81' lang='grc'>’</span> <span class='ocrx_word' id='word_1_769' title='bbox 1047 4715 1051 4724; x_wconf 92' lang='grc'><strong>“</strong></span> <span class='ocrx_word' id='word_1_770' title='bbox 1397 4727 1412 4771; x_wconf 89' lang='lat' dir='ltr'>c</span> <span class='ocrx_word' id='word_1_771' title='bbox 1448 4723 1474 4786; x_wconf 68' lang='lat'>,²</span> <span class='ocrx_word' id='word_1_772' title='bbox 1664 4719 1736 4780; x_wconf 76' lang='lat' dir='ltr'>titt,</span> 
     </span>
    </p>
   </div>
   <div class='ocr_carea' id='block_1_4' title="bbox 1723 4962 1783 5083">
    <p class='ocr_par' dir='ltr' id='par_1_4' title="bbox 1723 4962 1783 5083">
     <span class='ocr_line' id='line_1_58' title="bbox 1723 4962 1783 5083; baseline 0 0"><span class='ocrx_word' id='word_1_773' title='bbox 1723 4962 1783 5083; x_wconf 60' lang='lat' dir='ltr'>‘i</span> 
     </span>
    </p>
   </div>
   <div class='ocr_carea' id='block_1_5' title="bbox 0 0 2002 5266">
    <p class='ocr_par' dir='ltr' id='par_1_5' title="bbox 0 0 2002 5266">
     <span class='ocr_line' id='line_1_59' title="bbox 0 0 2002 5266; baseline 0 0"><span class='ocrx_word' id='word_1_774' title='bbox 0 0 2002 5266; x_wconf 95' lang='lat' dir='ltr'> </span> 
     </span>
    </p>
   </div>
  </div>
 </body>
</html>
