3996 5266
459 93 461 100 *
502 139 809 248 cocturae,
835 140 946 228 suu
975 142 1312 234 socrurnrrs
1340 143 1413 235 ac.
1622 155 1713 276 '405'

144 260 255 332 temne
284 255 457 327 celebratum
478 297 488 318 .
515 256 566 320 'Sic
582 273 686 321 tenent
702 253 827 320 vGabriel
846 259 879 318 in
902 277 937 332 4.
999 277 1022 320 r.
1041 278 1098 354 pro
1123 278 1170 339 5⁰·
1192 261 1239 325 vel
1252 264 1310 344 ¹60.
1323 261 1566 332 Floreniscerrie:
1586 269 1673 354 Spem
1689 276 1767 340 eninr

144 347 214 424 dnfl.
243 367 288 426 15.
309 340 397 423 queis.
423 359 469 400 ιι.
490 337 559 400 aab.
585 337 804 409 rmMajoro'n
824 335 936 412 Misi·
991 358 1051 401 ucrt
1068 340 1220 420 capiendi,
1244 362 1302 404 non
1325 342 1421 404 minus
1440 362 1528 423 quarn
1563 353 1668 421 jasium
1701 362 1770 421 reris

148 448 201 508 15·
221 423 312 509 quast.
332 441 383 499 ²7·
406 418 545 482 Valentia
573 418 648 501 disp.
678 439 712 497 ς.
732 436 798 478 ton.
811 417 937 498 3.qaaesl.
979 419 1051 492 juslo
1074 420 1168 500 pretio
1189 421 1276 484 vendi
1298 423 1373 502 posse
1392 443 1480 485 nemo
1503 427 1617 492 dubitat
1635 478 1646 498 .
1670 453 1702 496 ur
1724 459 1767 501 re-

148 529 202 584 24.
218 502 315 588 pondi.
339 522 367 562 ι.
390 498 512 564 Melina
531 497 676 580 deJnJiit.
698 497 737 560 Θ
751 502 817 577 Jor.
832 498 890 561 dib.
908 521 935 560 2.
979 499 1026 562 ile
1041 501 1168 565 advertit
1190 501 1293 583 Sporer
1311 505 1366 563 ioco
1387 507 1435 564 cit.
1454 528 1533 568 nom.
1556 529 1604 586 59.
1628 511 1766 580 Diaron.

140 606 209 670 cap.
234 605 283 661 24.
304 580 372 647 dno.
399 605 425 655 ι.
447 581 610 644 Covarruv.
633 584 654 641 s.
672 583 937 656 '2.vaeiar.resosot.
977 595 1039 642 tem
1059 600 1119 646 tres
1141 582 1303 645 contrabius
1325 583 1433 647 scilicet
1452 587 1624 664 Socieraris,
1650 593 1765 658 Aliaeu.

137 687 208 749 cap.
233 685 261 726 2.
283 689 312 726 n.
337 683 365 740 3.
386 661 486 725 Tolet.
503 659 558 723 lib.
582 683 610 739 5.
632 678 694 742 cap.
713 681 764 736 41.
781 659 936 724 *Bartholo
978 661 1124 736 rationis,
1147 663 1177 725 bc
1196 663 1411 738 venditionis,
1444 667 1524 731 srcuti
1556 667 1708 734 secundum
1740 673 1768 740 se

136 765 233 810 mnus
255 743 379 808 Medina
397 746 429 806 in
450 740 619 820 insituHion.
643 743 672 818 §.
691 763 742 818 27.
763 741 885 804 Garoias
902 741 937 802 de
978 739 1041 804 sunt
1063 744 1148 814 julli,
1171 745 1203 805 ἂ
1224 743 1303 806 licite
1323 743 1460 808 celebrati
1480 767 1548 810 curn
1573 752 1766 819 tribusdiver·

133 823 321 892 ⁴Contradir'b.
338 840 418 905 porr.
443 845 470 884 2.
492 846 516 884 c.
542 842 588 901 17.
614 821 779 885 Ludovicua
793 823 936 904 Lopezde
975 821 1010 884 fis
1031 821 1180 902 personis,
1203 841 1236 885 ut
1256 844 1360 890 omnes
1375 825 1528 902 ·fatentur,
1552 829 1593 892 ita
1611 833 1701 894 etiarn
1722 838 1765 907 iu·

135 904 341 974 Conrrailr'bur
358 903 411 966 lib.
437 925 463 967 1.
480 919 544 982 oap.
568 908 616 980 ⁶5·
636 903 752 965 Novar.
774 925 798 964 c.
826 926 871 982 ¹9·
886 927 932 966 nu.
974 903 1028 976 sii,
1050 904 1081 966 δι
1101 902 1175 968 liciti
1197 903 1280 978 sunt,
1303 906 1324 966 sr
1344 903 1523 971 celebrentur
1539 910 1623 974 fimul
1643 932 1764 977 cornea·

143 1011 217 1070 2²5·
239 984 371 1068 Angelus
391 985 470 1050 verb.
490 987 606 1046 Societas
630 1003 656 1045 ι.
676 985 705 1061 §.
732 1004 778 1060 r7·
801 984 933 1050 Silveslet
972 983 1039 1045 dem
1063 982 1197 1064 persona,
1220 985 1290 1067 quia
1311 1007 1363 1050 nec
1380 988 1471 1060 unio,
1494 1009 1546 1052 nec
1558 991 1692 1057 identitas
1702 1017 1764 1077 per.

144 1073 227 1136 verb.
249 1073 370 1132 Societas
395 1087 420 1127 ι.
440 1089 470 1144 q.
490 1085 523 1125 e.
547 1067 658 1128 Furnos
678 1063 757 1150 verb.
779 1068 934 1128 Societosn.
978 1059 1074 1138 sonae,
1095 1065 1210 1128 destruit
1234 1065 1417 1131 substantiam
1438 1067 1633 1134 contraires.

146 1157 178 1215 6,
201 1154 332 1232 Layman
354 1148 375 1207 l.
400 1168 427 1226 3.
441 1143 509 1224 seer.
532 1165 558 1223 ς.
580 1145 662 1208 traci.
684 1165 714 1218 ·4.
737 1160 796 1224 cop.
834 1168 882 1208 ιο.
904 1171 934 1207 n.
1019 1146 1073 1208 Pro
1102 1145 1319 1210 determinanda
1346 1153 1645 1230 tameuqoentitare
1677 1159 1805 1232 annuis

146 1253 179 1294 2.
202 1231 347 1292 Ronecina
366 1243 433 1290 tom.
457 1249 485 1308 3.
506 1225 577 1308 disp.
603 1223 937 1308 3.deCoorto6lib.q.5.
960 1223 1052 1301 ,lucri
1072 1247 1106 1288 err
1137 1225 1193 1289 hoc
1222 1226 1383 1293 Contrane
1413 1229 1566 1295 Societatis
1597 1233 1676 1296 licite
1705 1240 1767 1300 exi·

139 1313 239 1394 penei.
264 1333 291 1374 1.
311 1333 340 1372 n·
364 1329 392 1387 3·
412 1307 488 1386 vers.
506 1310 583 1370 Diei
602 1305 680 1382 niss3
713 1306 938 1385 Reginald..lib.
973 1306 1063 1386 gendi
1083 1305 1255 1370 attendenda
1275 1307 1313 1370 ell
1335 1311 1463 1392 regula,
1491 1333 1582 1396 quant
1603 1337 1638 1378 ex
1668 1319 1767 1379 Cardi-

150 1413 201 1472 25.
223 1408 283 1474 cap.
309 1410 356 1466 29.
376 1411 452 1450 nam.
476 1393 544 1463 ³9⁶·
567 1389 649 1467 Logo
669 1387 703 1446 de
717 1385 939 1465 justit.&jor.
981 1387 1039 1448 nali
1061 1390 1094 1452 de
1115 1388 1198 1469 Lugo
1217 1389 1309 1450 tradit
1329 1389 1433 1471 Sporer
1461 1395 1517 1454 soro
1537 1397 1585 1458 cit.
1609 1419 1684 1458 nam.
1717 1405 1766 1460 60.

142 1473 214 1554 sebi.
239 1491 267 1534 2.
288 1496 317 1534 ιι.
339 1487 389 1544 4ο.
411 1465 592 1532 Reiffenstuel
614 1465 710 1528 Theoi.
726 1467 828 1528 Moral.
843 1470 938 1535 Trosi.
979 1485 1083 1549 nempe
1103 1470 1183 1550 quod
1206 1469 1316 1531 lucrum
1330 1489 1469 1546 certum,
1490 1475 1568 1555 quod
1587 1474 1781 1541 Socinscon2

117 1551 122 1561 “
146 1557 182 1616 8.
201 1551 266 1629 onst.
286 1573 317 1627 4.
339 1569 369 1628 q.
395 1568 440 1610 ιο.
462 1569 537 1610 nam.
566 1567 631 1625 ¹34·
654 1547 757 1610 Petrus
767 1548 937 1614 Marchanr.
979 1544 1223 1632 ferens.Capirale
1244 1551 1356 1630 exigere
1377 1555 1500 1634 potest,-
1530 1555 1613 1619 deber
1639 1557 1696 1620 elle
1725 1560 1768 1623 ira

147 1631 384 1698 Tonantem.
408 1649 436 1690 2.
457 1627 537 1691 erasi.
559 1629 589 1688 8.
611 1630 659 1688 rit.
683 1647 710 1705 ς.
727 1626 795 1705 seii.
811 1629 847 1689 8.
869 1629 937 1693 dub.
979 1631 1180 1704 moderatum,
1201 1646 1235 1692 ut
1254 1647 1368 1694 attento
1377 1633 1527 1714 Capiraii,
1548 1639 1626 1714 quod
1637 1636 1766 1715 confert,

149 1738 179 1776 2.
204 1714 298 1774 Diana
315 1723 391 1789 paee.
417 1731 443 1770 ι.
465 1708 547 1770 tradi.
574 1730 622 1787 3⁰·
643 1707 857 1772 decontraliib.
871 1713 938 1789 reso·
979 1707 1010 1768 dr
1033 1707 1078 1787 spe
1099 1709 1189 1785 lucri,
1212 1710 1289 1789 quod
1308 1716 1401 1791 potest
1412 1714 1474 1776 esse
1494 1735 1529 1776 et
1544 1716 1604 1777 'tali
1637 1720 1767 1798 negoria-

147 1798 202 1860 [ιι.
224 1795 253 1854 8.
276 1791 379 1871 Sporer
399 1807 464 1850 rom.
485 1810 517 1850 ι.
537 1788 623 1850 trabi.
637 1794 671 1850 ·6.
693 1788 937 1870 de‘Contrabiuso.
970 1787 1076 1864 tione,
1092 1790 1169 1864 nune
1187 1790 1389 1872 compensetur
1407 1792 1596 1872 periculum,
1619 1802 1704 1876 ‘quod
1728 1799 1768 1861 al-

145 1877 255 1935 cinotis
276 1897 303 1931 n.
329 1868 936 1948 5814(Ζιοίιὶἑό.ς.ραιι.ι.ηιι.876.
970 1881 1021 1932 'ter
1051 1868 1143 1934 socius
1172 1869 1247 1934 subit
1277 1890 1334 1950 pro
1354 1872 1565 1936 assecuratione
1604 1876 1767 1958 Capitalis,

145 1973 217 2016 cunr
240 1949 372 2014 Busemb.
394 1950 574 2032 &pluribus
594 1949 662 2012 aliis
682 1949 723 2012 ibi
742 1951 858 2024 citatis,
883 1951 935 2015 Fe-
976 1947 1007 2009 bc
1029 1950 1099 2013 certi
1122 1952 1209 2012 annui
1232 1951 1323 2028 lucri,
1345 1955 1422 2032 quod
1438 1957 1504 2016 dare
1513 1953 1683 2034 promittit,
1703 1959 1767 2020 Un-

147 2034 191 2096 lie
216 2032 341 2094 Potesias
362 2051 428 2094 tom.
455 2051 481 2089 ι.
497 2047 572 2111 port.
596 2053 624 2091 ι.
646 2054 721 2092 nom.
745 2031 937 2106 moranni
978 2028 1013 2092 de
1034 2027 1085 2106 ἧι,
1107 2031 1186 2110 quod
1208 2032 1365 2112 aliquando
1386 2032 1439 2096 viu
1459 2050 1600 2116 quatuor,
1623 2036 1696 2111 tria,
1719 2055 1769 2102 aut

147 2111 314 2176 innumeri.
339 2111 379 2174 Et
399 2131 433 2174 ex
455 2109 629 2191 iurisperitis
648 2111 805 2175 Hosliensrs
825 2116 854 2175 in
859 2115 937 2192 som-
977 2110 1035 2172 duo
1057 2129 1137 2174 certa
1149 2113 1235 2192 verrigi
1258 2110 1363 2192 poffint
1376 2133 1428 2194 pro
1446 2133 1513 2174 roo.
1526 2113 1659 2192 collatis,
1678 2139 1770 2199 quan.

145 2217 196 2254 ma
216 2197 262 2254 tir.
276 2191 319 2250 oie
341 2193 437 2270 Usuris
456 2192 486 2266 §.
509 2193 544 2252 In
563 2192 632 2253 aliis
648 2209 764 2266 onum,
786 2199 939 2270 vee].Por-
981 2189 1020 2252 do
1042 2188 1150 2253 scilicet
1173 2191 1324 2256 secundum
1348 2191 1455 2256 redium
1470 2194 1618 2267 reunion
1649 2201 1768 2278 pruden-

58 2289 64 2312 ¹
147 2297 180 2336 ro
199 2272 264 2333 dari
279 2271 381 2352 potest,
399 2269 487 2341 loon.
509 2271 641 2334 Andreas
662 2276 692 2334 in
712 2290 772 2351 cap.
805 2277 859 2334 Per
889 2299 938 2335 ve·
978 2285 1076 2344 turn,
1099 2272 1129 2334 be
1151 2272 1309 2352 petitorum
1323 2292 1524 2338 unercarorum
1545 2274 1709 2357 negotiatio
1724 2279 1769 2342 su·

140 2357 214 2435 siros
233 2353 268 2413 de
286 2353 424 2416 donatiuo.
445 2355 520 2414 inter
537 2354 633 2414 Virum
655 2351 694 2414 <r
711 2356 798 2414 Uxor.
819 2353 850 2416 δι
870 2355 941 2427 alii,
984 2348 1077 2431 scepta
1097 2370 1155 2414 non
1177 2352 1392 2417 valde'lucrosa
1414 2357 1481 2426 ell3
1515 2357 1641 2418 Econrra
1659 2378 1769 2437 ,aurem

147 2432 436 2514 &uideturcolligi
453 2431 534 2496 eu-l.
556 2437 589 2496 si
617 2457 668 2496 non
693 2433 801 2510 suerint
825 2453 881 2509 op.
901 2437 941 2512 ¹,§.
974 2434 1012 2492 Ι6.
1032 2449 1064 2508 7.
1087 2429 1181 2496 immo
1201 2433 1384 2498 &·8.-cerrn
1405 2436 1569 2519 julleexigi
1589 2439 1770 2522 poliunt-pro

158 2536 185 2576 ι.
204 2516 241 2591 ff.
265 2517 319 2576 Pro
333 2516 425 2592 socio,
443 2511 467 2575 l.
490 2514 648 2594 Depoltium
672 2515 754 2590 1.§.
779 2518 808 2576 6.
824 2515 863 2589 ff.
884 2518 940 2576 De·
984 2531 1052 2571 roo.
1082 2511 1228 2589 collatis,
1253 2516 1373 2595 quando
1396 2516 1556 2580 secundum
1588 2517 1695 2581 dicrum
1729 2541 1770 2584 te·

141 2593 246 2677 postri,
269 2617 293 2656 c.
317 2597 370 2656 Per
388 2592 490 2671 vesitus
518 2611 549 2673 7.
581 2597 617 2657 de
646 2592 842 2656 donationibus
864 2600 942 2660 ¹inter·
971 2589 1058 2654 ,dium
1080 2592 1219 2662 iudicium
1234 2596 1432 2688 prudentum,
1454 2598 1485 2660 δι
1502 2600 1664 2680 peritorum
1693 2619 1770 2664 mer·
1853 2629 1857 2637 ·
1981 2603 1992 2634 ¹

146 2681 208 2740 Vir.
232 2675 271 2740 (9
293 2679 377 2740 Uaor.
398 2694 458 2758 cop.
477 2674 942 2758 cntranona5.nertegnr.1o
982 2687 1114 2764 catorum
1148 2692 1311 2754 negotrarto
1337 2677 1470 2760 suscepta
1499 2679 1537 2740 esi
1567 2677 1638 2742 adeo
1652 2682 1771 2744 umrabi·
1808 2672 1812 2681 ’
1861 2723 1862 2726 ¹

145 2759 186 2820 η’.
207 2761 236 2819 f„
258 2761 288 2819 ⁶,
975 2749 1050 2812 luet
1070 2749 1197 2826 lucrosa,
1220 2771 1253 2818 ut
1273 2754 1346 2819 alter
1367 2757 1514 2824 sociaret
1536 2775 1709 2826 'remanente
1735 2762 1770 2823 ¹sr-

103 2857 123 2918 ς
192 2838 237 2899 Ut
266 2835 373 2912 justitia
402 2835 470 2898 dieii
500 2834 675 2900 contradus
705 2836 796 2900 trium
827 2833 940 2900 conen.
982 2830 1012 2893 bi
1043 2829 1122 2895 lucro
1154 2833 1323 2900 sufficienter
1357 2837 1514 2904 satiesadius
1543 2839 1693 2903 censeatur
1712 2862 1770 2923 ,pro

136 2918 246 2980 einum
283 2917 386 2980 melios
416 2916 624 2996 intelligatur,
650 2915 797 2996 ‘liguratur
819 2916 874 2978 bic
894 2938 939 2979 ca·
972 2931 1083 2986 onere,
1104 2913 1136 2976 be
1157 2914 1303 2994 periculo,
1322 2920 1403 2998 ¹quod
1426 2918 1500 2982 subit
1529 2921 1641 2983 rarione
1672 2923 1770 3000 pradi-

146 2998 217 3062 sus·
240 2997 441 3091 supponemus
460 3001 538 3076 quod
559 2995 659 3058 Titius
680 2998 728 3059 det
761 2996 836 3068 Caio
867 3017 941 3059 met·
981 2991 1091 3056 diarum
1114 2995 1381 3074 assecurationum,
1412 3019 1517 3082 nempe
1539 2999 1709 3078 ¹Capituli,
1742 3003 1774 3063 bc

146 3077 241 3142 catori
257 3075 346 3140 ¹nulle
363 3077 506 3141 Florenos
528 3075 564 3138 ad
583 3075 792 3155 negotiandum
810 3121 826 3151 .,
842 3077 877 3140 'br
898 3078 940 3138 di·
981 3071 1054 3136 cerri
1075 3075 1165 3138 annui
1184 3075 1284 3139 lucri:
1304 3079 1337 3140 ’δι
1359 3079 1400 3140 ita
1422 3079 1568 3142 Bonacina
1588 3080 1663 3160 disp.
1685 3101 1715 3160 3.
1738 3081 1774 3140 de

146 3157 189 3218 {ii
211 3155 292 3220 rnille
313 3156 434 3220 Floreni
457 3157 536 3218 Titii
559 3154 742 3234 fintaqualia
753 3155 864 3220 valoris
873 3178 939 3220 curn
981 3154 1177 3218 Contradiibos
1198 3157 1288 3238 quaeil.
1312 3180 1339 3238 3.
1356 3161 1483 3240 propoſse.
1508 3171 1554 3240 ις’.
1577 3179 1643 3223 curn
1667 3157 1769 3242 suppo-

149 3235 287 3298 industria
302 3237 389 3310 Caii,
412 3239 442 3300 er
464 3234 576 3318 insuper
591 3237 673 3316 'quod
697 3235 757 3314 spes
788 3238 860 3300 lucri
892 3239 938 3310 Jo·
981 3233 1072 3298 suisset
1095 3234 1174 3300 licite
1195 3238 1270 3318 posie
1299 3240 1374 3318 exigi
1405 3259 1458 3318 pro
1496 3262 1560 3302 roo.
1591 3238 1662 3303 ibid.
1688 3264 1769 3304 nuno.

149 3313 230 3378 dicio
252 3317 422 3394 prudentum
444 3359 453 3390 ,
476 3317 506 3378 δι
528 3315 686 3400 peritorum
699 3317 731 3378 sn
741 3316 775 3381 de
790 3339 859 3394 ³00·
872 3321 938 3382 Flo·
974 3317 1010 3380 d.
1034 3316 1106 3382 teile
1128 3317 1226 3392 addlr,
1248 3319 1277 3380 in
1300 3319 1444 3382 societate
1465 3320 1554 3383 trium
1569 3320 1769 3384 contradluum

148 3395 245 3460 renis:
263 3397 302 3458 'ln
319 3397 376 3457 tali
397 3395 462 3460 casu
483 3419 519 3460 ex
541 3397 573 3460 vi
593 3397 755 3461 contradus
788 3399 941 3462 Societaris
981 3395 1044 3476 plus
1067 3397 1141 3477 posse
1162 3397 1258 3478 exigi,
1279 3400 1396 3480 quando
1419 3401 1581 3482 negotiatio
1603 3406 1696 3475 majus
1725 3403 1770 3465 lu·

149 3474 290 3539 debentur
310 3475 396 3540 Titio
409 3497 473 3542 una
495 3497 562 3540 cum
594 3474 668 3541 sorte
703 3499 770 3560 150.
802 3479 938 3555 Floreni,
980 3494 1060 3540 ctum
1084 3470 1185 3540 asiert.

146 3553 290 3636 quisunt
310 3557 464 3620 dimidium
488 3558 557 3620 lucri
572 3559 726 3639 prudenter
737 3558 870 3639 speciati,
894 3563 940 3624 At
1022 3556 1106 3619 Unde
1136 3557 1194 3619 iliis
1220 3559 1335 3622 notatis
1357 3559 1514 3624 ¹adducitur
1548 3561 1810 3642 sundamenrurnp

146 3636 219 3714 quia
239 3637 412 3702 ad'Titium
434 3635 556 3721 spectare
576 3638 805 3717 deberetsortia,
829 3639 942 3704 seuCa-
983 3635 1069 3710 hujus
1089 3634 1235 3702 sententia
1256 3637 1438 3721 desumptum
1459 3663 1495 3705 ex
1525 3644 1546 3701 l.
1577 3647 1611 3704 Si
1639 3667 1690 3704 non
1705 3644 1767 3720 fae-

148 3714 250 3796 pitalis
271 3719 452 3799 periculum,
475 3721 540 3784 ideo
568 3719 709 3784 convenit
738 3741 805 3783 corn
836 3722 941 3796 Caio,
983 3722 1044 3780 rint
1067 3735 1116 3793 29.
1139 3720 1169 3795 §.
1193 3739 1220 3780 1.
1236 3720 1275 3795 ff.
1296 3723 1350 3780 Pro
1364 3725 1464 3799 socio;
1487 3723 1534 3785 ubi
1556 3719 1668 3805 precise
1691 3724 1767 3786 dici-

147 3814 181 3859 ur
204 3798 364 3878 periculum
387 3799 457 3863 illud
476 3848 485 3877 ,
505 3803 535 3864 ur
554 3820 629 3865 onus
644 3820 736 3865 omne
757 3802 786 3862 in
809 3801 837 3864 se
856 3800 938 3865 susci·
980 3811 1049 3860 tur:
1073 3801 1119 3858 lta
1137 3802 1204 3861 coiri
1220 3802 1378 3878 societatem
1395 3807 1484 3881 polle,
1507 3819 1539 3862 ut
1554 3803 1658 3864 nullius
1662 3821 1771 3884 pantena

145 3875 211 3958 piat
231 3878 410 3945 assecurando
431 3880 555 3957 sortem,
578 3879 623 3944 seu
645 3881 798 3963 Capitale,
819 3901 873 3962 pro
891 3903 939 3944 cu.
979 3877 1078 3940 domni
1094 3879 1165 3942 alter
1180 3883 1304 3960 lentior,
1326 3881 1430 3943 lucrum
1447 3903 1516 3944 vero
1548 3906 1688 3944 commone
1713 3885 1768 3960 fit.

145 3961 191 4032 jus
213 3959 427 4025 assecurationis
447 3962 477 4024 bc
495 3960 591 4024 oneris
620 3960 740 4044 suscepti
766 3961 938 4045 compensa·
979 3961 1047 4022 Hoc
1067 3976 1164 4024 aurern
1186 3981 1244 4024 noa
1267 3963 1358 4045 potesl
1389 3962 1450 4028 fieri
1468 3961 1559 4038 ,nib
1583 3965 1769 4028 allecurando

144 4038 230 4101 tione
253 4041 325 4104 relin
349 4043 392 4104 nit
415 4043 441 4108 ei
456 4045 601 4116 mojorem
645 4059 736 4109 artem
763 4042 835 4106 uini
866 4043 939 4107 lucri
979 4038 1134 4120 Capitale,
1155 4042 1185 4103 dt
1207 4041 1317 4106 lucrum
1338 4060 1471 4118 certum,
1491 4059 1526 4106 ur
1545 4043 1768 4126 explicetGios·

144 4118 305 4200 prudenter
326 4063 450 4202 iterati,
473 4123 516 4186 ita
536 4140 568 4186 ut
589 4060 836 4205 soiateniapars,
852 4145 937 4188 nem·
974 4117 1015 4188 sa,
1029 4119 1151 4196 ibidem,
1174 4125 1245 4200 vers.
1268 4127 1410 4184 Damnum
1429 4125 1483 4200 esi,
1507 4124 1713 4202 itautnullum
1726 4146 1769 4188 re-

144 4219 182 4282 pe
207 4221 275 4264 uoo.
299 4202 417 4265 Floreni
440 4203 583 4284 pertineat
614 4206 649 4268 ad
685 4202 777 4283 ipsum
799 4204 937 4280 Titium,
980 4219 1095 4266 maneat
1116 4203 1276 4282 periculum
1296 4205 1396 4266 damni
1419 4200 1583 4290 sumundi,
1615 4191 1835 4270 ritmo(

145 4281 177 4342 ἃ
197 4282 261 4344 aliz
281 4282 342 4348 due
363 4300 458 4363 partes
473 4305 580 4367 nempe
603 4284 800 4349 eoo-Floreni
813 4284 936 4367 speiient
976 4281 1066 4347 etlam
1096 4301 1154 4364 cop.
1183 4284 1233 4345 Aa
1261 4285 1362 4364 vestras
1381 4305 1410 4356 7.
1433 4283 1468 4347 de
1487 4284 1679 4348 donationibus
1698 4289 1769 4346 inter·
1904 4285 1906 4292 “

143 4363 181 4422 ad
202 4364 330 4437 Caiunrt
351 4367 382 4426 δι
424 4365 472 4428 uia
491 4366 583 4428 adhuc
604 4363 635 4426 in
656 4367 741 4428 Titio
763 4384 860 4430 manet
890 4367 934 4428 in·
980 4367 1075 4428 virum
1097 4365 1135 4430 Φ
1153 4387 1282 4445 uxorem,
1304 4367 1352 4430 ubi
1376 4365 1561 4433 innocentius
1583 4367 1643 4429 111.
1663 4385 1767 4447 praece·

147 4441 294 4507 certitudo
314 4445 386 4510 lucri
401 4386 531 4526 iperari,
555 4447 619 4510 ideo
641 4447 756 4510 tertiam
779 4446 859 4543 illarn
872 4467 937 4530 par·
978 4445 1042 4528 pit,
1064 4461 1097 4511 ut
1118 4445 1170 4510 doe
1191 4445 1306 4524 uxoris,
1327 4453 1408 4523 cujus
1428 4449 1550 4512 maritus
1561 4445 1767 4528 prodiguaver·

148 4540 210 4586 tem
234 4522 303 4586 lucri
320 4526 427 4608 sperati
449 4527 557 4592 scilicet
581 4549 648 4591 roo.
671 4529 809 4595 Florenoa
831 4551 859 4593 rn
891 4527 939 4674 spe
975 4528 1064 4606 gabar
1095 4528 1131 4591 ad
1161 4527 1323 4610 inopiam,
1358 4533 1437 4591 daret
1472 4526 1625 4592 mercatori
1656 4529 1691 4588 ad
1724 4526 1766 4589 lu·

149 4601 476 4754 incerifoffniiifim
498 4629 551 4694 pro
572 4608 696 4697 dimidio
712 4609 828 4675 circiter
853 4631 907 4676 ver
929 4653 937 4672 .
977 4629 1083 4688 crum,
1098 4609 1182 4691 quod
1199 4609 1293 4678 uinus
1323 4607 1458 4754 Porrige
1488 4627 1545 4672 non
1575 4605 1765 4750 pracepiissfier,

314 4727 322 4750 e
428 4733 436 4752 ι
686 4707 690 4714 ’
1455 4709 1472 4751 c
1648 4727 1650 4734 Ι
