3898 5268
463 101 1120 224 australium,
1170 119 1377 204 nent.
1583 131 1669 242 '127'

5 261 78 388 {²⁵
104 232 385 395 nfflllssllllf
394 224 896 395 c‘lrldllllxl‘lnllznllff
937 226 1561 394 {rr‘lllnllllnlzllffllln'‘l'‘
1574 263 1728 392 illos

11 433 14 444 '
105 396 333 546 lcfflllr‘lll‘r
350 389 627 553 ,fundibilis
655 390 774 534 sill?
788 436 800 469 ‘
813 416 898 536 ,emi
938 412 1081 536 ir‘lrll?
1103 392 1726 547 ‘ll‘sll⁰nllilrl¹lnlll⁰ltl‘⁸·‘

8 559 12 572 ⁴
106 561 269 641 obligatum
301 552 478 619 reslirutioni
507 552 674 634 deobliget,
715 517 781 618 aut,
796 555 895 619 volen·
937 571 1006 619 vara
1026 517 1233 636 sua’opinione
1262 575 1397 622 executor
1426 525 1580 624 moveatlrr
1603 605 1616 641 ,
1642 509 1726 633 033.

13 665 15 674 ’
104 659 165 706 tem
190 637 323 712 injustum
345 633 528 700 contractum
550 634 621 696 inire
643 631 718 694 male
741 631 895 712 informer,
937 640 1045 698 munis.

6 735 16 798 ξ
105 738 221 788 tenetur
239 719 276 781 ad
299 716 509 783 restitutionem
533 713 632 776 darnui
665 713 754 778 secuti
787 718 899 780 rarione
980 717 1008 776 Si
1031 734 1126 779 autem
1149 715 1297 782 consulent
1325 719 1435 784 dederit
1465 724 1614 787 confilium
1645 733 1724 794 noci·
1747 736 1787 800 28

104 801 146 868 sui
170 800 242 864 mali
264 797 376 863 consilii
397 819 432 860 ex
455 795 617 877 ignorantia
637 796 742 870 crassa,
763 798 794 858 dc
814 800 900 879 culpa
939 819 1029 872 vum,
1052 795 1098 860 seu
1119 797 1368 874 damnificativum
1403 804 1550 885 expressa,
1583 805 1629 871 seu
1660 830 1725 895 prn-

107 885 186 960 lata,
209 901 268 945 non
303 896 401 944 tamen
427 898 465 940 err
499 877 577 940 levi:
606 873 689 938 Talis
717 879 795 938 enlm
827 901 895 944 con·
937 880 1029 960 posta
1049 878 1472 959 damnificationissacilitatu,
1507 884 1657 966 utilitate,
1691 915 1726 959 ac

8 1003 15 1044 p
109 964 204 1029 solens
225 961 409 1040 culpabiliter
430 958 559 1037 praellitir
580 956 691 1018 malurn
727 959 895 1038 consilium,
940 959 1108 1034 securitate,
1130 962 1162 1023 δι
1192 960 1378 1038 huiusmodi,
1410 973 1478 1027 tunc
1508 967 1577 1031 licet
1607 990 1725 1040 revocet

106 1047 187 1126 quod
219 1041 285 1106 suit*
303 1041 385 1104 causa
416 1038 493 1100 illius
523 1041 621 1100 damni
651 1035 770 1102 secuti:
804 1043 897 1125 siqui·
942 1041 1021 1104 suum
1043 1043 1191 1105 consrlium
1214 1061 1281 1107 ante
1301 1045 1533 1123 executionem,
1564 1049 1584 1110 sr
1613 1052 1724 1118 consul·

11 1165 15 1204 ;
105 1128 174 1191 dem
198 1124 342 1197 asliones,
370 1140 432 1200 quac
457 1141 494 1182 ex
527 1120 692 1201 ignorantia
718 1121 805 1184 crassa
834 1144 899 1206 pro·
941 1143 987 1188 tus
1008 1145 1025 1186 a
1044 1124 1097 1186 tali
1120 1125 1169 1188 srbi
1191 1142 1277 1188 antea
1299 1127 1443 1206 proposrta
1471 1128 1598 1196 utilitate
1629 1153 1726 1201 motus

107 1209 213 1274 cedum
237 1207 265 1267 in
288 1205 339 1276 iis,
360 1221 422 1278 quat
442 1199 585 1279 pertinent
607 1200 641 1262 ad
676 1204 825 1284 proprium
847 1206 898 1268 lla·
941 1205 1032 1268 adbuc
1052 1224 1206 1284 operetur,
1230 1207 1259 1266 or
1281 1206 1421 1268 damnum
1444 1206 1565 1286 inserat,
1601 1233 1659 1274 non
1691 1217 1723 1279 li·

11 1331 21 1370 ,r
110 1307 197 1364 tom,
220 1285 248 1350 or
270 1281 484 1365 professionem,
517 1283 652 1345 maxima
684 1285 703 1344 fi
735 1285 787 1346 fior
818 1289 897 1348 darn·
939 1286 1053 1348 beraror
1072 1285 1162 1347 didius
1183 1285 1332 1350 consulens
1352 1288 1389 1350 ab
1408 1287 1585 1372 obligatione
1619 1296 1727 1362 tellitu.

18 1371 20 1373 ’
110 1369 204 1441 nosae,
226 1367 406 1446 imputantur
429 1364 593 1444 ignoranti,
615 1362 663 1426 seu
684 1363 841 1428 consulenti
864 1369 896 1430 il·
938 1368 1049 1437 tionis,
1070 1367 1155 1428 Tunc
1178 1367 1257 1428 enirn
1280 1366 1331 1429 illa
1365 1370 1493 1447 utilitas,
1524 1373 1668 1450 facilins,
1699 1380 1729 1440 dr

110 1450 157 1516 las
176 1448 214 1512 ob
233 1447 365 1526 colpam,
388 1465 510 1506 cumea
533 1446 563 1508 vi
599 1446 710 1527 proprii
740 1447 826 1510 slatus
855 1467 896 1514 re·
938 1446 1093 1519 securitas,
1117 1465 1206 1529 quam
1237 1446 1405 1528 proposuit,
1439 1452 1469 1512 δι
1498 1455 1598 1517 docuit
1630 1457 1702 1520 unns
1718 1497 1729 1512 .

8 1581 21 1608 ,
110 1548 226 1596 nererur
246 1527 333 1602 scire,
354 1527 386 1588 δι
418 1526 446 1586 in
479 1525 672 1600 consulendo,
709 1525 754 1590 seu
788 1527 899 1610 respon·
942 1528 1002 1591 lena
1023 1528 1155 1594 refutare
1176 1551 1210 1590 err
1235 1529 1286 1590 illo
1307 1549 1411 1611 opere,
1442 1550 1529 1612 prout
1561 1557 1660 1600 revera
1689 1561 1731 1604 re·

6 1601 21 1624 ⁴
108 1611 203 1678 dendo
225 1627 367 1682 errorem,
390 1607 436 1668 vel
458 1606 664 1688 negligentiam
682 1609 797 1678 vitarat
817 1611 901 1674 adeo·
943 1603 1050 1685 sulrat,
1081 1608 1172 1670 adbuc
1206 1610 1300 1692 pergit
1333 1630 1450 1674 movere
1492 1633 1662 1695 operantem
1693 1621 1732 1683 ad

109 1714 167 1776 que
197 1691 217 1753 sr
249 1713 283 1753 et
313 1689 478 1768 ignorantia
506 1689 611 1764 crassa,
648 1689 694 1752 vel
726 1690 810 1769 culpa
840 1693 899 1756 lara
938 1690 1138 1756 executionem
1169 1688 1248 1754 illiue
1279 1693 1400 1773 operis,
1432 1711 1489 1754 non
1520 1695 1648 1774 obllante
1678 1700 1732 1764 tali

15 1833 19 1838 .
110 1771 301 1845 consuluerit,
323 1771 354 1834 ὃ(
384 1791 419 1832 err
450 1769 570 1832 consilio
600 1772 738 1832 damnum
770 1771 896 1838 beorum
939 1773 1153 1847 revocatione,
1189 1772 1318 1851 adeoque
1348 1794 1414 1834 curn
1446 1774 1594 1840 confilium
1636 1779 1730 1844 adbuc

2 1853 17 1931 ξ
107 1852 212 1926 suerit,
236 1851 380 1915 tenebitur
402 1851 437 1912 ad
459 1850 746 1934 compensationem,
778 1851 823 1916 seu
854 1876 894 1917 re·.
937 1873 1053 1918 maneat
1075 1849 1158 1914 causa
1178 1851 1280 1916 efficax
1311 1853 1428 1924 damni,
1459 1855 1552 1919 adbuc
1579 1857 1733 1926 consulens

2 1939 11 1980 7
109 1935 315 1999 stitutionem.
336 1937 518 2007 communie,
541 1951 712 2013 pertextam
735 1935 765 1994 in
784 1954 846 2016 cap.
862 1940 896 1998 Si
938 1953 1036 1997 araret
1057 1933 1203 2013 obligatus
1230 1934 1265 1995 ad
1301 1936 1539 1999 rellirurionem.
1568 1939 1616 2003 Sic
1647 1960 1734 2004 corn..

2 2080 7 2093 ‚
106 2017 189 2098 cvspa'
206 2034 256 2076 tun
279 2038 307 2092 9.
329 2019 373 2075 De
393 2015 525 2095 injuriis,
548 2015 586 2076 (a
608 2015 708 2078 damno
728 2019 811 2090 dato,
834 2016 896 2080 ibl:
940 2017 1056 2079 munior
1078 2014 1239 2078 Donornn
1263 2013 1401 2080 sententia
1422 2037 1486 2082 cum
1508 2020 1525 2080 S
1548 2038 1685 2084 orertom.
1698 2047 1728 2089 e.

2 2108 5 2115 '
106 2101 139 2177 si
157 2095 240 2178 calpa
261 2116 310 2156 tua
328 2103 425 2155 datam
445 2095 483 2172 esi
502 2093 652 2170 damnum,
674 2098 841 2177 vesinp‘uria
860 2099 898 2160 ir·
940 2097 1023 2159 tradi.
1034 2120 1063 2172 4.
1089 2113 1150 2177 cap.
1164 2118 1192 2173 3.
1214 2121 1290 2160 num.
1308 2118 1356 2158 21.
1373 2095 1473 2164 ¹Lnslio
1493 2039 1547 2161 nd
1565 2121 1592 2165 2.
1616 2106 1652 2166 de
1676 2111 1730 2186 Ju.

104 2200 204 2260 rogata
228 2219 317 2239 .....
336 2198 384 2238 arrr
405 2173 461 2236 hec
482 2179 707 2255 imperitiam,
734 2178 794 2252 five
813 2181 898 2259 treg'lr'·
934 2179 996 2256 jir't.
1019 2179 1057 2242 (7
1071 2181 1137 2256 Jar.
1160 2192 1281 2257 cap.13·
1303 2178 1369 2240 aab.
1386 2203 1414 2258 3.
1435 2203 1511 2241 trum.
1537 2202 1583 2258 ις.
1606 2185 1730 2251 Carden.

103 2261 202 2344 gentica
222 2278 372 2320 evenerunt
386 2299 395 2329 ,
410 2259 481 2335 Jure
504 2263 586 2338 super
613 2256 656 2318 hit
681 2261 846 2335 laetificere
874 2279 902 2320 te
940 2264 970 2322 r'rr
992 2279 1021 2320 a.
1042 2257 1129 2332 Crifis
1148 2258 1265 2338 ἄψις.
1287 2282 1363 2320 rrum.
1378 2279 1446 2338 135.
1466 2260 1510 2321 La
1530 2262 1621 2323 Croix
1642 2264 1693 2326 lib.
1703 2289 1733 2348 3,

101 2357 230 2499 pponam,
252 2359 301 2398 ner
321 2341 472 2418 ignorantia
493 2355 520 2396 re
540 2339 667 2413 excuser,
688 2338 788 2414 fiscire
808 2337 902 2398 debui·
939 2356 1017 2418 part.
1031 2359 1059 2398 a.
1081 2361 1157 2398 num.
1168 2338 1216 2397 28.
1239 2338 1385 2418 Rofignol.
1407 2339 1563 2416 deraditur.
1579 2363 1602 2402 r.
1623 2361 1735 2424 paenae,

137 2425 200 2482 'ere
217 2419 296 2496 salio
317 2441 362 2480 ran
382 2420 518 2498 injuriam
537 2417 727 2491 verifinrrlirer
751 2419 826 2500 poffe
845 2442 905 2482 reu·
946 2421 1020 2482 ΧΗ.
1037 2417 1146 2496 [erne.
1169 2439 1242 2478 num.
1259 2438 1305 2478 rr.
1327 2420 1436 2482 Henno
1465 2437 1531 2482 tem.
1545 2443 1572 2482 2.
1601 2426 1685 2488 tradi.
1707 2453 1733 2493 ι.

110 2507 238 2580 tingere,
261 2499 310 2560 ves
325 2499 463 2581 jusseram
477 2541 488 2559 .
945 2499 1018 2580 drsp.
1030 2519 1061 2573 4.
1082 2523 1110 2578 q.
1124 2518 1152 2559 2.
1176 2499 1292 2576 concitas.
1306 2519 1333 2560 2.
1356 2500 1387 2562 δι
1409 2499 1475 2562 allis
1508 2501 1636 2583 pluribus
1665 2509 1733 2626 culp.

49 2582 91 2642 ad
157 2583 189 2644 Si
211 2599 311 2642 aurem
332 2579 480 2643 consulent
510 2598 568 2639 non
602 2579 637 2640 sir
662 2577 810 2661 persona,
842 2599 904 2660 quar
944 2595 991 2642 tra
1013 2579 1128 2642 Petrum
1141 2579 1325 2655 Navarrum,
1348 2579 1731 2668 Salonium,·Filliucinm,

1 2669 2 2672 ’
108 2662 225 2722 rarione
246 2659 351 2733 slatus,
383 2660 429 2722 vel
461 2657 586 2720 moneris
617 2657 656 2718 sui
689 2661 825 2741 peritiam
862 2661 903 2722 tei
943 2660 973 2722 δι
994 2657 1086 2722 alios.

109 2737 290 2804 consulenda
310 2737 498 2822 profiteatur,
520 2759 578 2802 non
600 2739 661 2802 obli
683 2762 748 2804 arur
778 2763 811 2805 ex
842 2759 901 2800 ma·
981 2742 1050 2806 ‘Nec
1072 2737 1151 2804 valer
1169 2738 1285 2812 dicere,
1303 2741 1384 2835 quod
1394 2739 1475 2806 scuti
1487 2749 1635 2811 revocatio
1647 2771 1727 2814 man·
1752 2775 1791 2836 ²9

110 2821 142 2884 lo
159 2821 305 2896 consrlio,
327 2819 379 2885 nist
399 2819 516 2891 doloso,
540 2819 607 2884 idest
629 2763 683 2884 nisi
715 2821 903 2894 scienter,&
944 2819 1041 2894 dati,
1073 2817 1144 2883 serio
1183 2819 1215 2882 or
1245 2817 1416 2886 sumerenrer
1454 2823 1591 2890 intimata
1631 2829 1737 2901 liberat
1798 2839 1807 2858 ¹

109 2901 306 2973 fraudulenter
325 2902 449 2968 alterum
470 2903 650 2982 ignorantem
672 2903 903 2966 circumveniat.
944 2901 1138 2966 Murranum
1169 2901 1205 2982 ab
1235 2900 1413 2982 obligatione
1443 2906 1657 2987 restitutionis,
1692 2915 1736 2978 ira

111 2989 292 3060 Communia,
320 2999 402 3048 textu
424 2980 548 3066 expresso
580 2981 608 3044 in
640 3001 699 3065 cap.
731 2989 833 3048 Nestor
854 2989 904 3046 62.
946 2985 1036 3048 etiarn
1059 2984 1208 3048 revocatio
1229 2983 1339 3046 eorosii
1367 2984 1451 3048 debet
1480 2987 1597 3054 liberare
1632 3012 1651 3054 a
1681 2995 1736 3060 tali

15 3065 17 3100 ³
113 3065 150 3126 de
173 3068 369 3148 RegresJurt's
389 3070 419 3128 in
441 3067 470 3126 ό.
493 3063 558 3124 ibi:
582 3067 685 3126 Nessus
714 3087 748 3128 etr
778 3065 902 3137 confilio,
945 3065 1123 3145 obligatione
1144 3062 1367 3129 Consulrorem.
1390 3067 1569 3145 Nonvaler,
1594 3073 1622 3133 in
1647 3095 1734 3154 uam,

13 3147 16 3184 l
114 3147 260 3209 dummodo
274 3149 487 3226 fraudulentam
517 3169 569 3207 nnn
596 3147 711 3221 fuerit,
741 3145 901 3228 obligatum
945 3163 1061 3228 propter
1084 3165 1221 3224 magnam
1253 3145 1475 3228 disparitatem,
1505 3151 1577 3231 quia
1648 3155 1735 3222 anda-

117 3227 158 3292 0·
178 3229 199 3288 s.
221 3228 338 3306 confilii
359 3249 408 3307 47.
436 3227 474 3304 ffi
508 3231 544 3288 de
574 3231 674 3304 Reges.
699 3232 808 3309 Jaris,
841 3228 899 3291 ibi:
944 3229 1034 3292 ratleo
1056 3248 1114 3288 non
1136 3227 1197 3308 agir
1219 3224 1290 3302 suo,
1313 3227 1358 3294 sed
1392 3230 1564 3296 Mandantia
1594 3233 1735 3315 nomine,

114 3307 230 3384 Consilii
252 3335 303 3374 noar
321 3309 493 3387 fraudulenti
502 3309 578 3370 nulla
586 3309 718 3394 obligatio
737 3312 795 3390 esl-
817 3309 905 3384 Quod
944 3311 976 3372 dc
996 3305 1200 3450 conscpuenter
1222 3307 1270 3371 ubi
1289 3308 1460 3372 mandatnm
1485 3331 1654 3378 revocatum
1675 3318 1735 3394 esi,

11 3393 13 3428 ἵ
116 3410 220 3454 omnes
243 3391 409 3473 intelligunt
442 3390 477 3454 de
505 3390 622 3453 confilio
653 3393 739 3458 libere
769 3391 839 3455 dato
868 3392 905 3454 ab
945 3413 1002 3455 non
1023 3409 1093 3472 amp
1107 3391 1150 3452 lua
1170 3389 1317 3454 Mandane
1338 3387 1434 3454 influit
1457 3396 1486 3454 in
1508 3393 1669 3460 abionem.
1691 3397 1740 3462 At
1789 3403 1796 3414 “

9 3505 11 3512 ·
118 3470 215 3534 amico
236 3495 266 3536 v.
287 3495 315 3556 g.
336 3495 392 3537 nnn
416 3495 451 3538 ex
472 3470 582 3535 Officio
601 3473 723 3537 debito.
946 3494 1017 3538 vero
1038 3472 1089 3555 qui
1110 3469 1259 3533 confilium
1284 3474 1406 3556 recipit,
1429 3494 1488 3535 non
1519 3477 1580 3557 agit
1615 3477 1737 3542 Consul·

8 3557 10 3592 ³
57 3571 101 3632 ²7
163 3551 321 3616 Consulens
341 3554 409 3618 dans
429 3554 578 3617 confilium
600 3553 721 3628 salsum,
744 3553 774 3616 δι
795 3553 905 3616 damni·
947 3555 1019 3616 roris
1041 3553 1177 3629 nomine,
1201 3550 1244 3614 sed
1268 3550 1316 3614 suo
1350 3572 1468 3636 propter
1500 3559 1647 3620 motivum
1679 3559 1736 3622 uti·

7 3643 8 3674 ³
122 3631 294 3710 ficarivum,
315 3633 362 3700 seu
383 3636 520 3699 nocivum
537 3637 598 3698 srrae
618 3635 793 3719 expressrone
828 3634 906 3700 otili·
949 3633 1066 3710 liraric,
1088 3633 1327 3710 commoditatis,
1350 3634 1396 3698 vel
1428 3634 1591 3716 voluptaria
1621 3660 1639 3701 a
1669 3657 1737 3702 con·

119 3715 193 3778 tatis
214 3715 281 3780 inde
304 3715 482 3790 resultantis,
504 3718 584 3780 verb.
603 3737 681 3798 grat.
699 3719 905 3798 quandocon·
944 3713 1060 3778 salente
1089 3715 1117 3776 in
1159 3734 1245 3797 opere
1276 3715 1378 3788 inioslo
1411 3717 1552 3794 patrando
1593 3717 1641 3782 fibi
1671 3740 1738 3801 prn-

4 3805 6 3842 ³
119 3793 214 3858 fitium
243 3797 293 3860 dat
325 3796 415 3862 solum
444 3799 483 3860 ad
511 3799 634 3876 scientie
665 3805 840 3872 veritatem,
871 3818 908 3860 an
951 3798 1093 3879 poscunt,
1116 3795 1195 3858 verb.
1216 3811 1293 3874 grat.
1328 3813 1445 3877 propter
1473 3795 1524 3858 srbi
1559 3802 1740 3897 propostam

120 3876 228 3961 aliquis
246 3879 408 3942 contradlut
429 3881 462 3942 srt
483 3877 620 3955 illicitus,
643 3903 679 3943 an
703 3879 770 3944 talis
790 3879 907 3942 medici·
950 3881 1082 3942 decoram
1115 3874 1272 3938 vindiciam
1312 3877 1343 3938 irr
1378 3875 1511 3940 consulto
1545 3879 1739 3959 lromrcidio,

119 3979 159 4022 na
179 3959 212 4022 fit
233 3957 370 4036 salubris,
393 3959 673 4033 &bujusrnudiisr
707 3979 774 4026 anre
807 3981 906 4026 etecu-
946 3977 1065 4044 propter
1085 3956 1275 4021 evitationem
1299 3955 1424 4020 insamiar
1445 3959 1476 4020 in
1505 3961 1638 4027 consulto
1658 3964 1741 4028 abor·

119 4041 233 4106 tionem
256 4060 373 4106 revocet
394 4041 503 4104 dissum
517 4039 640 4120 salsum,
664 4043 794 4118 malum,
816 4043 906 4106 &rto-
948 4059 1002 4116 ru,
1026 4061 1078 4122 pro
1100 4059 1144 4103 rer
1165 4037 1323 4104 utilitatem
1357 4038 1386 4099 in
1418 4036 1551 4104 consulto
1581 4042 1678 4120 sacili,
1708 4045 1741 4108 dc

2 4133 3 4136 ’
119 4121 219 4187 tivum
242 4123 423 4198 confilium,
437 4123 572 4186 liberatur
592 4125 627 4186 ab
656 4124 835 4204 obligatione
870 4144 912 4184 re·
954 4059 1111 4186 ootnmodo
1132 4119 1232 4196 sarto,
1254 4123 1283 4182 ἅ
1306 4117 1489 4213 hujusmodi,
1512 4123 1572 4184 bt·
1610 4145 1740 4206 oquam.

2 4219 3 4228 ¹
121 4205 299 4278 stitutionis,
320 4205 459 4288 quamvis
480 4204 617 4266 damnum
639 4205 730 4266 arboc
760 4203 913 4287 sequatur,
954 4205 998 4266 vis
1020 4199 1176 4264 Consultor
1207 4201 1313 4266 millies
1341 4199 1682 4285 drteriyalteri,.mln
1709 4218 1742 4266 rae

122 4286 208 4349 Tunc
230 4288 309 4350 eninr
332 4285 481 4350 consulens
513 4305 649 4348 revocant
678 4289 777 4349 datum
810 4284 911 4348 salsum
951 4288 1039 4344 uraris
1058 4282 1134 4344 dido
1154 4304 1213 4343 meo
1232 4281 1356 4358 confilie,
1379 4283 1559 4371 cp'madltuc
1580 4284 1741 4370 perseveret

82 4365 87 4372 ’
122 4367 272 4432 consilium
295 4367 410 4432 serendo
433 4365 459 4430 se
480 4367 532 4430 elle
554 4371 724 4446 deceptum,
755 4365 845 4430 ausert
866 4384 911 4427 to·
953 4364 1131 4447 proposrrum
1167 4365 1313 4428 motivum
1345 4363 1738 4440 dirimerem-vindicte,

125 4467 191 4512 tum
213 4451 379 4524 motivum,
403 4467 557 4528 totamque
577 4448 709 4522 causam,
741 4467 828 4528 quarn
865 4449 910 4509 de·
952 4446 1122 4510 evitar'ionia
1142 4443 1285 4521 infamia,
1308 4443 1464 4522 utilitatis,
1484 4447 1516 4508 dc
1546 4444 1741 4511 commodita-
1859 4477 1862 4482 ·

125 4530 207 4593 derat
226 4551 280 4614 pro
300 4532 406 4596 damno
428 4529 595 4604 inserendo,
616 4529 700 4593 Unde
720 4529 749 4600 fi,
770 4549 829 4591 non
860 4527 910 4591 nb·
952 4525 990 4590 tie
1011 4527 1081 4591 furti
1102 4549 1120 4590 a
1139 4523 1301 4592 consultore
1322 4522 1739 4608 alteriuemenriirnpteslum,

124 4612 216 4680 ssante
237 4611 291 4678 tali
312 4614 515 4693 revocatione,
537 4611 631 4682 adhuc
651 4611 723 4679 alter
753 4609 826 4681 velit
849 4629 912 4691 age
954 4607 990 4672 ad
1011 4607 1068 4676 hoc
1087 4629 1119 4676 re
1139 4605 1218 4710 ipsa,
1239 4628 1298 4674 oon
1318 4606 1450 4676 obstante
1470 4605 1522 4670 tali
1536 4605 1741 4752 “wcffle’
