4008 5258
289 89 379 169 aaa
535 54 1548 162 SACRAMENTUM,Aa·r.i.

232 177 294 242 ibi:
319 183 354 236 ft
376 197 430 238 nort
449 170 618 253 abscondens
638 201 656 236 a
669 173 750 238 vibis
761 180 940 238 Sacramenta
949 176 1005 236 Dei
1016 217 1025 236 .
1070 195 1095 236 ι.
1118 169 1184 234 ibi:
1202 169 1231 244 fi
1249 177 1312 250 quit
1332 171 1456 246 dixerit,
1479 178 1657 235 Sacramenta
1678 193 1755 234 utve
1775 175 1816 236 Le
1834 181 1863 240 it

230 257 346 322 Daniel.
368 273 432 336 cap.
456 277 485 316 a.
507 279 583 316 num.
609 257 654 320 18.
678 257 737 319 ibi:
759 263 843 338 Super
852 261 1025 318 Sacramenta
1064 277 1116 314 non
1133 252 1217 330 sutsse
1235 255 1330 314 omnia
1349 254 1452 331 asestt
1480 252 1590 330 Chreslo
1625 255 1744 314 Domino
1763 200 1863 335 „aas”

231 340 302 416 isle.
327 333 436 400 ibidem
455 361 531 400 nam.
557 359 606 416 30.
628 343 838 400 Sacramentum
855 336 1023 398 hoerevela-
1063 334 1216 410 inslitata,
1254 352 1303 394 aar
1323 336 1374 414 esse
1392 335 1505 414 plum
1541 353 1590 396 aar
1618 337 1756 414 praeciosa
1774 358 1861 418 quam

230 438 290 480 tttm
311 419 365 499 ,esta
389 419 500 486 ibidem
520 441 597 484 num.
617 437 668 497 47.
689 423 822 498 quoniam
853 433 884 476 tu
909 419 1024 499 pateraslt'
1057 417 1180 496 septem,
1202 419 1338 481 videlicet
1358 416 1559 495 Baptismum,
1591 413 1860 501 Constructionem,

229 502 335 583 aperire
354 498 404 562 hoc
425 505 649 562 Sacramentum.
673 499 722 560 Ad
743 496 850 581 Ephes.
868 515 929 579 cap.
959 519 1023 562 mn.
1066 496 1287 574 Eucharesliam,
1310 500 1527 572 Poenitmte'am,
1550 501 1714 561 Extremam
1748 503 1861 567 vatin

227 605 260 660 9.
283 581 356 654 ibi3
386 585 426 646 Ut
455 599 550 644 netum
574 579 681 655 saceset
710 577 788 642 nobis
817 585 1024 642 Sacramentum
1066 603 1150 655 nem,
1172 579 1326 654 Ordinem,
1350 579 1389 641 <a
1407 581 1660 654 munimoniarm
1691 601 1743 643 aaa
1772 589 1862 650 eriam

231 664 385 726 voluntatis
399 664 475 741 sae.
499 661 575 722 Item
592 659 631 720 ad
653 658 759 741 Epiros.
782 679 842 744 cap.
866 683 979 741 3.num.
997 681 1022 740 3.
1063 663 1179 742 aliquod
1198 659 1291 722 borum
1308 662 1414 742 septem
1435 685 1488 722 non
1508 659 1560 738 effe
1580 684 1674 740 vere,
1697 665 1738 728 (a
1753 673 1863 750 proprie

228 744 294 808 ibi:
348 749 459 808 neniam
474 737 625 819 secuudum
645 742 840 805 revelationem
860 759 953 804 netum
970 746 1023 804 mi·
1063 747 1287 817 Sacramentum,
1311 740 1459 803 mathema
1475 739 1533 816 fit.

228 823 262 887 hi
278 827 314 902 sa
409 824 444 900 esi
464 827 692 884 Sacramentum.
713 823 891 907 apocalyps.
913 843 972 905 cap.
997 844 1026 886 1.
1106 825 1293 887 Sacramenta
1322 844 1406 888 nova
1436 822 1523 903 Legis
1552 821 1690 890 differunt
1721 829 1902 902 aSacra·4

228 929 306 968 nam.
331 927 379 966 ao.
403 903 474 967 ibi:
505 907 710 966 Sacramentum
727 908 834 986 septem
863 904 1024 981 slellasum.
1067 905 1174 968 mentio
1201 904 1328 986 antiquat
1359 905 1471 986 Iagis,
1503 904 1574 987 quia
1604 907 1724 976 antinus
1754 908 1859 992 figura.

230 987 308 1052 Item
332 981 512 1067 Apocalyps.
535 1001 594 1066 cap.
621 1007 665 1064 ¹7·
687 1011 716 1048 a.
726 1007 754 1063 7.
767 987 834 1050 ibi:
856 990 915 1068 liga
924 988 1020 1049 dicam
1063 987 1134 1050 bant
1156 987 1292 1050 Gratiam
1313 985 1437 1048 dandam
1460 1003 1512 1066 per
1532 985 1640 1049 Chrisli
1665 987 1857 1054 Passionem:

229 1065 284 1129 tibi
305 1071 510 1128 Sacramentum
530 1066 683 1130 mulieris.
715 1066 873 1142 Secundo,
901 1068 1024 1131 sumitur
1065 1071 1156 1130 Nora
1189 1088 1258 1132 vero
1290 1088 1355 1130 mm
1377 1067 1564 1142 continent,
1595 1069 1627 1129 St
1658 1067 1859 1153 ipsamdigne

229 1147 379 1219 alurislis
399 1145 557 1227 aliquando
578 1167 632 1224 pro
654 1148 858 1220 iuramentoa
890 1148 1026 1230 eoquod
1064 1148 1282 1232 suscipientibus
1304 1146 1473 1211 conserunt.
1495 1147 1612 1211 Concil.
1634 1150 1765 1216 Floreat.
1790 1155 1854 1232 soff.

230 1248 282 1312 per
312 1225 382 1290 illud
417 1229 534 1290 Sacram
566 1225 621 1292 Dei
652 1249 760 1293 nomen
795 1231 966 1302 invocatum
988 1233 1023 1292 1..
1065 1231 1120 1292 sle.
1144 1235 1174 1291 in
1195 1235 1310 1294 Decreta
1331 1233 1450 1313 Eugenii
1471 1233 1519 1291 lV.
1541 1228 1582 1291 ibi
1603 1251 1613 1291 ε
1631 1237 1716 1315 ραι
1739 1238 1856 1297 multasse

226 1315 410 1375 'Sacramemo
425 1306 574 1390 puberum,
595 1310 667 1372 eod.
685 1311 714 1386 st
730 1311 864 1390 adversus
885 1311 1023 1374 venditio
1063 1337 1082 1371 a
1103 1316 1285 1374 sacramentis
1305 1311 1439 1387 differunt
1458 1314 1690 1396 antiquatagie:
1715 1315 1856 1378 lllaeaim

229 1412 311 1467 netu,
335 1389 395 1452 ibi:
420 1395 597 1454 Sacramenta
613 1393 749 1475 puberum
764 1396 862 1474 sptoute
877 1393 958 1470 seila
974 1393 1023 1472 su·
1064 1415 1116 1454 uon
1146 1394 1297 1473 causabant
1326 1397 1458 1455 Gratiam
1479 1436 1488 1466 ,
1513 1391 1567 1469 sed
1596 1415 1655 1454 mm
1681 1395 1774 1474 solum
1810 1415 1858 1475 ,ter

224 1488 277 1554 per
295 1471 479 1535 contraiiibur
500 1495 589 1534 rerum
615 1476 731 1554 suarum
762 1499 813 1537 non
842 1473 1024 1536 retrailondie
1064 1475 1215 1551 Passionem
1235 1472 1342 1552 Chre'sli
1360 1473 1483 1538 daadm
1504 1471 1735 1558 essi-’figurabant
1758 1479 1858 1550 3'Hee

227 1551 434 1617 inviolabiliter
454 1553 657 1631 custodiantur,
679 1571 737 1640 cap·
760 1559 824 1640 Qui
849 1560 1024 1617 Sacramenta
1063 1577 1128 1616 vero
1148 1555 1266 1630 noslra,
1300 1555 1497 1619 incontinent
1516 1557 1674 1633 Gratiam,
1707 1557 1746 1620 Θ
1766 1563 1857 1642 pesona

232 1655 281 1700 ιι.
303 1635 378 1714 raus.
403 1655 452 1696 22.
472 1636 560 1716 quasi.
584 1657 614 1713 4.
637 1637 678 1699 ibi
692 1661 705 1700 :
728 1641 790 1719 Qui
812 1641 1025 1714 sacramentale
1065 1641 1149 1718 digne
1163 1634 1377 1716 suscipientibus
1397 1639 1562 1714 moserann
1586 1637 1672 1700 Unde
1691 1639 1856 1706 Sacramen·
1878 1653 1892 1711 5

229 1715 421 1798 obligaverit,
443 1734 475 1778 at
495 1718 693 1800 litigantium
721 1715 842 1799 quolibet
871 1717 910 1778 ad
925 1731 1024 1799 pacem
1063 1736 1097 1780 ta
1117 1737 1200 1780 nova
1221 1717 1383 1780 Leianon
1418 1716 1553 1781 disserunt
1587 1718 1626 1780 ab
1656 1723 1783 1802 antiquie
1813 1725 1856 1786 so·

228 1797 401 1861 nullomodo
422 1797 740 1882 redeat,properjurie
761 1824 813 1863 ano
831 1805 1024 1862 annoaCom-
1066 1799 1148 1873 lum,
1169 1797 1240 1878 quia
1261 1739 1324 1860 ium
1345 1797 1408 1860 alia
1429 1798 1648 1874 Catemoniee,
1679 1802 1710 1861 ac
1743 1801 1793 1864 alii
1815 1805 1854 1864 ri-

232 1881 358 1946 munione
378 1885 522 1964 Corporis,
546 1881 754 1962 &Sanguinis
786 1885 905 1944 Domini
932 1884 1022 1962 segre·
1066 1898 1112 1943 tus
1134 1880 1244 1944 externi
1268 1903 1276 1953 ;
1306 1879 1527 1943 Elidensium
1552 1881 1581 1939 in
1598 1878 1752 1944 ·Goncilio
1784 1880 1855 1944 Tri·

228 1980 312 2046 gattet
331 1980 437 2024 reatum
461 1964 546 2043 saum
578 1962 774 2044 eleemosynis,
801 1963 951 2040 fletibus,
984 1964 1024 2029 (a
1062 1961 1184 2026 destino
1204 1961 1265 2040 sess.
1288 1979 1318 2041 7.
1342 1961 1448 2025 Conon.
1473 1983 1501 2021 a.
1523 1960 1562 2021 ibi
1575 1975 1589 2020 τ’
1599 1959 1630 2035 ss
1645 1964 1707 2042 qais
1726 1965 1853 2038 dieers'r,

229 2045 345 2124 quantis
361 2049 481 2124 potuerit
500 2043 636 2125 jejuniis,
659 2045 810 2124 absolvat.
830 2045 956 2119 Tertio,
979 2043 1021 2106 su·
1064 2067 1095 2104 ea
1116 2044 1176 2124 s'psa
1196 2067 1274 2105 nove
1303 2047 1385 2128 legis
1414 2048 1586 2104 Sacramenta
1616 2067 1635 2101 a
1663 2047 1853 2108 racematio

229 2123 323 2187 mitur
344 2146 360 2187 a
385 2125 536 2195 Patribus,
559 2125 589 2186 a
610 2125 801 2207 Theologis,
823 2126 856 2187 a
876 2125 968 2198 magia
988 2124 1023 2188 ad
1064 2129 1184 2206 antique
1206 2128 1291 2205 Legis
1312 2149 1363 2187 non
1382 2123 1514 2202 defferre,
1536 2121 1852 2203 ssifiquiucoeeemenia¹

230 2206 409 2288 propositum
432 2225 487 2288 pto
506 2204 596 2286 Signo
618 2206 658 2270 rei
681 2207 790 2281 Sacra,
813 2206 880 2268 idell
903 2225 955 2286 pso
969 2227 1020 2279 eo,
1058 2209 1125 2286 sune
1148 2207 1227 2283 alie,
1251 2208 1289 2269 (a
1310 2207 1366 2267 alii
1385 2209 1456 2267 ritas
1478 2208 1601 2276 mesni,
1622 2203 1766 2266 anamma
1790 2207 1852 2280 fis.

230 2285 310 2428 Zuod
333 2284 444 2360 sacrat,
467 2287 497 2348 δι
520 2284 698 2349 lantlificat.
720 2289 760 2349 Et
782 2287 815 2347 de
835 2289 1022 2350 Sacramenta
1063 2289 1141 2351 Vide
1161 2305 1259 2351 tamen
1282 2285 1358 2348 disla
1379 2285 1427 2350 sub
1448 2287 1528 2352 verb.
1548 2286 1723 2360 circumciso
1740 2304 1852 2368 pentat.

253 2387 268 2429 c
291 2366 407 2448 sumpto
429 2363 685 2448 impraesentiarum
709 2371 746 2432 eil
767 2365 879 2430 sermo.
1063 2370 1112 2434 ubi
1137 2368 1230 2432 multa
1250 2367 1285 2431 ad
1307 2387 1388 2432 tem·
1726 2433 1742 2448 g

194 2468 212 2510 a
274 2448 358 2513 Unde
380 2448 597 2511 Sacramentum
651 2469 715 2513 tout
747 2451 776 2510 in
811 2449 958 2530 proposito
979 2469 1023 2511 ac·
1107 2451 1153 2512 Ea
1174 2469 1292 2525 autem,
1315 2471 1377 2530 qua
1397 2463 1575 2513 concernunt
1596 2445 1633 2508 ad
1654 2444 1771 2528 longum
1804 2435 1893 2511 Sa·⁶

232 2528 360 2610 cipitur,
382 2531 418 2606 esl
434 2529 544 2610 fignum
561 2533 633 2612 sens
654 2533 691 2592 ile
708 2531 835 2614 gratiam
857 2535 942 2602 Dei,
977 2530 1025 2591 vel
1064 2549 1214 2595 eramenta
1235 2530 1361 2611 antiqua
1382 2533 1487 2612 legis,
1510 2527 1664 2592 brevitatis
1695 2527 1790 2609 gratia
1811 2549 1851 2594 re·

229 2609 355 2687 efficium
377 2613 436 2694 ejus
456 2615 607 2688 gratuitam
641 2635 673 2674 ee
705 2613 872 2691 institutione
911 2613 1023 2674 Divina
1064 2614 1235 2694 linquuntur
1256 2611 1379 2676 videnda
1400 2615 1473 2695 apud
1495 2610 1699 2673 Scholallicos.

232 2692 377 2770 efficaciter
393 2691 551 2773 Agnoscent
570 2694 729 2760 ordinatum
756 2695 797 2755 ad
823 2697 945 2775 salutern
975 2694 1020 2756 lao-
1102 2697 1285 2758 Sacramenta
1305 2692 1388 2757 n'ova
1410 2694 1495 2776 legis
1513 2693 1592 2756 varie
1611 2690 1891 2760 differuntetiatni

231 2778 315 2837 minis
334 2778 474 2836 viatoris.
497 2776 543 2836 Sic
565 2777 666 2840 Scotus
686 2781 717 2840 in
738 2798 766 2852 4·
787 2779 850 2856 desi.
876 2797 969 2856 1.qu.
996 2799 1021 2836 2.
1065 2777 1141 2838 inter
1162 2779 1207 2839 se.
1227 2781 1417 2840 Communis.
1451 2775 1590 2850 Quadam
1611 2773 1688 2835 enim
1718 2773 1851 2836 dicantur

232 2858 436 2938 uum.9.Qua
457 2855 590 2922 definitio
611 2857 641 2918 in
665 2878 694 2920 re
715 2857 775 2939 ipsa
795 2857 933 2921 convenit
954 2878 1020 2919 cum
1063 2859 1251 2921 Sacramenta
1273 2862 1464 2932 Mmtuorem,
1497 2856 1529 2918 ἃ
1558 2855 1688 2935 quaedam
1724 2851 1781 2914 alia
1800 2855 1849 2917 Sa·

232 2936 317 3011 illa,
349 2957 412 3018 qua
432 2935 583 3016 colligitur
612 2960 647 3001 et
676 2938 815 3004 Concilio
846 2938 1023 3001 Tridentino
1065 2956 1211 3001 eramenta
1231 2943 1381 3001 [duorum-e
1403 2941 1587 3001 Sacramenta
1607 2925 1889 2999 minanamsuuess

228 3018 292 3100 Μ.
317 3039 362 3100 13·
384 3035 444 3099 cap.
467 3037 496 3096 3.
515 3019 591 3099 quod
613 3037 716 3102 nempe
750 3025 955 3084 sacamentum
986 3019 1023 3095 so
1065 3019 1134 3092 illa,
1156 3041 1219 3100 qua
1240 3039 1291 3101 per
1321 3018 1348 3083 se
1376 3019 1528 3084 conserunt
1556 3017 1682 3098 puniam
1713 3015 1848 3080 Gratiam

227 3097 388 3195 symbolum¹
406 3103 446 3197 rei
461 3102 546 3178 sacra
569 3103 608 3165 <lt
636 3101 790 3176 invisbilia
816 3106 917 3184 gratia
940 3102 1022 3178 ,fior-
1063 3099 1287 3196 justificantem,
1309 3099 1356 3165 seu
1378 3100 1570 3198 remisispnem
1586 3097 1713 3192 ''pacati
1742 3113 1849 3158 morta·

232 3181 636 3338 inlisisinlisis
653 3181 1023 3340 assisiensis?
1063 3182 1531 3345 'a:antistatum
1548 3180 1852 3340 {sinisii}

232 3363 400 3406 aramentum
421 3343 455 3421 es
475 3367 517 3404 res
531 3346 654 3423 senfibue
669 3345 813 3429 scabiosis,
836 3367 894 3426 qua
915 3367 949 3407 ea
967 3348 1025 3408 Dei
1064 3344 1109 3422 se,
1131 3346 1162 3406 ἀ
1183 3346 1324 3427 primario
1345 3344 1506 3415 instituta,
1540 3359 1573 3405 ut
1594 3339 1709 3402 homini
1740 3338 1850 3401 ratione

231 3423 395 3502 inslitutiane
411 3425 598 3504 seolsiensis,
635 3426 674 3490 (ἐν
692 3427 805 3510 jusitia
825 3445 885 3487 rum
914 3424 1021 3508 fignisi·
1062 3425 1174 3510 peccati
1207 3426 1340 3490 mortalis
1370 3423 1559 3508 spiritualiter
1597 3443 1700 3486 morsm
1738 3421 1849 3484 Gratia

230 3503 340 3581 rancia,
363 3523 422 3567 tum
442 3507 586 3584 efficienda
606 3510 669 3569 vina
691 3509 775 3572 babet
796 3532 806 3583 ς
827 3509 858 3571 &
880 3527 946 3567 cum
970 3507 1020 3570 illa
1062 3510 1117 3570 rite
1156 3508 1316 3572 minislrata
1355 3507 1502 3569 rellituant
1546 3502 1639 3567 vitam
1671 3502 1848 3582 spiritualem

233 3585 342 3648 tradita
371 3607 388 3649 a
419 3587 536 3650 cinisio
568 3588 598 3650 in
634 3588 682 3650 suo
724 3611 795 3656 arvo
816 3586 1020 3666 Cateclsismo,
1065 3589 1206 3659 Gratiae3
1237 3591 1278 3652 Et
1299 3591 1359 3652 nac
1380 3589 1563 3651 Sacramenta
1582 3583 1647 3648 sunt
1666 3586 1727 3648 duo
1747 3603 1851 3663 nempe

232 3683 324 3744 quam
346 3665 499 3750 sequuntur
533 3669 582 3731 alii
613 3669 679 3733 Tlse
711 3674 768 3754 ogi-
787 3693 794 3733 :
816 3676 1021 3734 Sacramentum
1065 3671 1245 3751 Baptismus,
1268 3669 1298 3733 a
1322 3670 1515 3732 Paenitentia.
1540 3665 1703 3749 Baptismus
1731 3665 1847 3744 quidem

233 3749 318 3828 Legis
338 3747 372 3824 esl
387 3747 498 3832 signum
519 3748 640 3825 visibilis
659 3759 755 3831 gratia
768 3751 1021 3833 adhomintmsau·
1063 3753 1209 3815 inllitutus
1240 3753 1268 3812 in
1302 3749 1493 3815 temisliunem
1527 3748 1637 3828 peccati
1668 3745 1816 3827 originalis
1838 3788 1848 3818 ,

232 3827 412 3904 lissieandum
433 3831 574 3893 divinitus
595 3831 767 3908 inslitutum.
1062 3853 1095 3896 ac
1115 3834 1207 3896 etiam
1229 3833 1386 3894 usinallum
1408 3849 1476 3894 ante
1499 3829 1680 3910 Baptismutn
1712 3825 1850 3890 commis·

195 3917 210 3987 3
275 3911 459 3975 Sacramenta
488 3919 571 3976 nova
602 3914 687 3994 Legis
716 3913 834 3978 suerunt
863 3913 965 3978 omnia
1005 3933 1023 3975 a
1065 3913 1180 3976 sorum.
1204 3914 1381 3979 Paenitentia
1401 3931 1497 3996 annm
1529 3910 1662 3974 instituta
1692 3909 1721 3969 in
1752 3905 1849 3972 remis·

232 3988 350 4054 Christo
375 3991 503 4056 Domino
526 3993 684 4070 inllituta,
714 3997 744 4058 δι
778 4014 810 4058 ea
832 4015 884 4059 nec
906 3996 1021 4078 plura,
1064 3997 1169 4060 sionem
1212 4011 1376 4059 eccatorum
1399 3993 1553 4056 allualium
1576 3993 1637 4075 poll
1668 3989 1848 4072 Baptismum

207 4091 285 4134 „aec
307 4074 471 4152 pauciora,
502 4095 589 4154 quam
612 4074 750 4153 septem,
783 4076 890 4140 scilicet
913 4077 1021 4157 Baptis-
1064 4077 1173 4140 commi
1196 4097 1299 4139 orum.
1321 4077 1507 4139 Sacramenta
1527 4077 1658 4137 vaum
1681 4072 1745 4135 sunt
1781 4070 1849 4144 illa,

232 4171 314 4226 snus,
340 4153 551 4231 Confirmatio,
577 4157 780 4230 Eucharistia,
815 4159 1021 4233 Paenitentia,
1063 4177 1126 4236 qua
1146 4179 1196 4240 per
1219 4157 1246 4220 se
1264 4157 1554 4232 conferunttantum
1583 4155 1722 4219 Gratiam
1755 4149 1847 4215 secun·

231 4229 372 4328 Extrema
392 4237 523 4312 Unilite,
545 4237 656 4314 Ordo,
690 4237 950 4304 Matrimonium.
973 4237 1020 4302 Sic
1060 4239 1157 4315 dans,
1190 4241 1324 4321 adeoque,
1348 4238 1568 4322 praesupponunt
1609 4236 1638 4297 in
1677 4233 1849 4328 suscipiente

230 4313 381 4378 definitam
404 4317 461 4379 suit
483 4321 511 4377 in
534 4317 867 4384 Concilio'Florentino
899 4323 928 4383 in
962 4319 1020 4383 De·
1062 4319 1196 4384 Gratiam
1219 4322 1364 4401 primam,
1387 4319 1433 4382 seu
1455 4321 1559 4384 ilatum
1582 4316 1723 4392 Gratia,
1755 4316 1786 4378 Se
1806 4317 1846 4374 dt-

230 4413 309 4459 creto
331 4395 457 4476 Eugenii
492 4397 547 4458 tv.
572 4417 623 4478 pro
656 4399 837 4464 instrumione
872 4405 1019 4466 Armeno·
1059 4420 1164 4466 cuntur
1198 4394 1564 4474 attramentarium,
1589 4398 1666 4479 nula
1696 4396 1849 4461 aCltrillo

228 4485 311 4554 tum,
336 4479 366 4542 St
389 4479 419 4566 in
442 4477 578 4542 Concilio
599 4477 774 4545 Tridentino
792 4483 856 4564 siff.¹
869 4503 897 4562 7.
908 4489 1018 4548 Canon.
1061 4483 1127 4549 sunt
1144 4479 1275 4567 pmse,
1308 4485 1338 4547 δι
1358 4483 1500 4570 plimario
1522 4482 1651 4545 inliiluta
1672 4525 1681 4557 ,
1705 4495 1745 4624 apl
1762 4477 1848 4540 mini·

1748 4581 1808 4624 ren·
