4000 5260
313 152 317 160 “
539 132 1420 252 teutotonnuunnnrste
1694 180 1734 256 ,·

167 252 258 348 etqui
276 277 312 327 ex
332 255 512 333 lletodoto,
535 255 755 339 Legieletorer‚
787 271 860 347 quoe
879 256 953 320 diri·
995 276 1080 340 etque
1100 255 1305 322 vicissrtudinee
1333 258 1408 342 apud
1427 277 1530 324 ournee
1556 258 1686 324 omuino·
1702 264 1780 328 Gen.

170 359 270 422 mur,
303 340 429 406 Divinoe
448 337 617 401 bominibus
638 335 784 400 nonnullis
804 337 955 402 decreuisse
995 356 1038 408 tet
1058 341 1150 404 cultee
1170 359 1266 422 teque,
1288 355 1322 402 ec
1342 339 1474 402 barbarie
1495 359 1654 422 percorum
1671 342 1782 408 Homi-

169 426 295 492 luonorer
316 465 325 500 ,
345 441 378 484 ec
400 420 429 482 in
453 419 583 483 Deorum
606 434 757 480 numerum
778 435 827 480 eor
848 417 956 482 retulis-
997 441 1069 483 num
1098 437 1297 484 commentum
1329 416 1436 484 sertum
1469 419 1634 502 tediumque
1675 421 1730 485 lent
1770 433 1783 487 r

170 504 226 584 se,
245 502 308 586 'qui
328 499 552 595 Rumpublicent
573 496 751 573 fundassent,
785 515 836 561 eut
856 501 954 594 de‘ee·
997 499 1188 565 servamur?
1230 503 1397 584 opinionum
1426 501 1499 562 enim
1528 519 1679 566 commenta
1711 445 1791 567 dilie-

93 601 97 610 '
168 589 276 654 demo
310 583 370 649 iure
390 582 488 646 menti
508 579 679 644 haberentur
706 579 767 654 ,dt
787 579 955 660 Myssetre,
995 585 1056 646 dier
1077 581 1115 646 (9
1136 599 1237 644 nuere
1262 583 1374 665 judicie
1402 579 1575 659 reginmar,
1608 597 1641 646 ut
1668 587 1784 668 optime

192 687 234 732 ure
254 603 541 758 Elbubnejdicrmtur
560 705 569 734 ,
591 659 718 756 primum
742 659 772 720 in
794 658 851 755 lEg
868 678 953 756 pro,
996 660 1226 758 inquitssicero,
1248 683 1281 759 ις
1302 661 1363 744 ipse
1382 685 1419 726 er
1458 663 1561 727 rieutie
1581 665 1780 760 comprobet,

168 686 270 814 leude
304 748 334 808 in
368 743 483 821 elueq
543 759 579 802 ue
599 737 764 820 regionibus
784 683 953 818 stabiliisse,
995 762 1055 824 que
1075 743 1206 808 videmur
1228 785 1238 818 ,
1261 683 1456 825 lungutrs·,lg
1618 743 1625 760 “
1700 745 1707 762 “

1467 765 1496 807 ee
1557 743 1604 808 Re
1649 765 1724 809 tonte
1743 749 1781 812 ti-

167 847 233 894 Μ
256 843 289 892 ΰῒ
310 822 691 919 θῑΡῑὲὓῖΝωῑὸῐθῦῐῑὶῐι
712 839 836 901 quornm
856 821 954 902 cogni·
996 839 1069 898 tus,
1102 840 1188 906 etque
1208 823 1265 887 elie
1286 828 1322 888 ab
1342 743 1667 905 Homiitgum'opinibite
1687 827 1718 890 ἃ
1739 845 1780 891 er·
1855 895 1857 898 ,

58 953 61 966 ·
168 911 251 976 tiene
272 905 389 986 Religto
408 899 585 976 vilesceret,
617 917 648 964 ut
672 901 953 996 lleornmgeneelo·
994 901 1084 966 bitrio
1118 903 1272 986 pendentie
1299 920 1441 1002 perpetue
1473 903 1660 983 mutationi,
1691 907 1780 992 dique
1817 925 1830 934 ..

191 991 199 1008 ⁸
235 1031 245 1066 ,
277 986 362 1060 rite,
382 1003 460 1048 ruore
479 984 536 1046 &u
557 997 621 1044 turn
645 998 734 1045 ettam
757 997 790 1045 ut
811 1000 842 1044 tn
864 984 899 1044 riu
920 1002 954 1044 ee
994 981 1182 1051 virillitudini
1203 983 1332 1048 obnoere
1351 985 1425 1048 else.
1468 1018 1471 1030 .

168 1011 332 1211 mistionis
359 1063 456 1146 cupite
485 1061 749 1138 constituerentur,
781 1080 845 1143 qere
865 1061 959 1144 magle
1040 1064 1149 1129 Deinde
1170 1061 1237 1127 cum
1258 1064 1410 1141 erMose,
1432 1083 1495 1130 tntu
1517 1085 1553 1129 er
1574 1065 1640 1131 eliie
1650 1067 1843 1156 enthnie=34

257 1143 447 1228 empubliceru
467 1141 634 1206 uiderentur
658 1141 812 1206 conferre.
996 1144 1140 1208 bilioricis
1167 1145 1303 1222 conslet,
1337 1145 1432 1229 ploret
1459 1147 1571 1212 Gentee
1601 1147 1630 1208 in
1661 1149 1786 1230 priuatis
1836 1205 1873 1212 .-

109 1253 151 1316 3²
213 1227 341 1308 Denique
361 1241 472 1289 certum
492 1242 608 1304 quoque
628 1222 685 1298 eli,
704 1238 776 1300 vem,
797 1222 848 1304 qui
870 1222 952 1288 liebi-
992 1223 1129 1289 Familiir
1151 1225 1333 1306 Religionem
1356 1225 1500 1304 servasse,
1530 1243 1688 1308 antequem
1709 1232 1782 1298 civi.

168 1309 254 1376 litem
283 1325 335 1400 per
364 1304 555 1388 lagieletorer
584 1301 795 1385 Religionem,
838 1302 954 1386 ejusque
995 1305 1054 1369 leur
1084 1307 1263 1369 Societutem
1294 1307 1431 1380 inirent;
1468 1329 1501 1371 ec
1532 1307 1636 1372 similer
1664 1329 1781 1393 queque

109 1427 115 1440 ·
168 1389 312 1468 Mpllerre
339 1400 594 1459 contemnerent,
625 1384 743 1448 Athene
769 1382 954 1449 eGentibue
992 1385 1106 1450 Gentes
1124 1387 1312 1450 etiamnunc
1342 1387 1374 1448 in
1398 1388 1539 1451 Americe
1570 1389 1780 1470 reperiuntur,

167 1469 284 1535 bebitoe
304 1463 414 1529 soille:
450 1465 504 1528 bec
524 1463 603 1529 enirn
626 1462 767 1546 unicede
786 1465 897 1542 ceule,
919 1479 953 1529 nt
993 1467 1023 1528 in
1044 1467 1148 1548 quibus
1170 1465 1288 1545 Religio
1309 1467 1418 1552 viget,
1448 1468 1520 1549 quin
1550 1469 1698 1554 quidpiem
1730 1493 1782 1536 ιιι.

167 1571 222 1614 uoe
237 1545 314 1616 ¹elles
334 1545 529 1621 monuimus,
551 1545 717 1621 Socrates,
739 1546 776 1609 ἃ,
792 1544 954 1610 Evebeme-
996 1551 1085 1630 quem
1105 1567 1123 1610 e
1145 1545 1369 1630 Legisletoribur
1387 1547 1568 1630 acceperint.

168 1649 235 1705 rur,
255 1630 287 1693 dt
307 1628 397 1693 etiarn
418 1624 528 1700 Judaei,
550 1624 812 1706 Chrillieniqueeb
831 1625 957 1691 etbuicir
1009 1667 1014 1680 ·
1038 1629 1172 1708 Denique
1190 1617 1259 1689 selle
1278 1629 1401 1690 omnino
1423 1627 1562 1709 probetur
1584 1628 1749 1712 hypothesis
1769 1679 1778 1712 ‚
1802 1657 1839 1718 35

167 1704 627 1777 Atuetsnteecesetifuemn13
660 1721 747 1789 etque
766 1706 854 1782 buius
871 1725 970 1802 gene·-
995 1729 1082 1791 quern
1115 1708 1208 1773 Arbei
1229 1706 1342 1803 lingunt
1364 1709 1399 1772 de
1430 1707 1550 1772 contisio
1580 1731 1614 1772 et
1636 1727 1715 1775 metu
1745 1717 1782 1777 eb

167 1791 208 1856 rie
228 1787 307 1853 soille
327 1786 514 1871 entiquorunt
536 1783 774 1869 plerosque„qui
790 1787 881 1851 Rtber
902 1806 953 1852 no·
995 1788 1162 1872 ignorantie
1182 1805 1250 1852 orto
1270 1789 1409 1854 ruvibbili
1431 1789 1562 1853 Numine
1582 1813 1593 1862 ι
1626 1807 1690 1853 tum
1711 1795 1797 1873 quie‘

169 1869 347 1946 minentur,
379 1891 413 1935 et
434 1891 470 1934 eo
512 1867 568 1930 uod
587 1865 653 1932 Reli
676 1867 774 1932 ionem
789 1867 954 1962 'legieletu-
996 1871 1028 1931 in
1048 1869 1215 1935 edsituendo
1235 1870 1375 1952 Supremo
1398 1870 1546 1945 Numine,
1567 1870 1645 1933 dosii
1667 1916 1676 1948 ,
1701 1870 1795 1938 indo·

168 1887 954 2097 {tttmtitttltzsrt‘lt‘llrlt·
995 1950 1462 2096 “ltifflitrtlrl‘tn
1483 1951 1781 2098 mttfflt‘l‘t

174 2133 221 2176 ro.
244 2114 279 2177 de
293 2113 423 2193 Legibus
441 2113 476 2175 de
496 2049 638 2174 iiepverbe
659 2106 791 2183 ferient,
820 2108 873 2191 qui
904 2127 958 2192 pro
999 2052 1233 2176 it‘oe'ttitirlnee
1262 2111 1359 2176 locum
1390 2111 1494 2177 bebere
1523 2053 1646 2194 potestp;
1689 2133 1796 2194 neque·

29 2193 33 2201 ’
170 2192 277 2260 Arbeir
297 2192 495 2267 hebetentur,
517 2190 577 2253 buc
597 2188 717 2254 scribit:
738 2193 832 2266 Deos,
853 2189 962 2252 ebeere
1000 2194 1076 2277 apud
1092 2193 1151 2257 -bor
1169 2213 1290 2268 omnes,
1310 2213 1379 2257 nem
1400 2192 1529 2290 plerique
1550 2193 1614 2256 lunt
1627 2193 1797 2258 mestre·

160 2277 236 2350 eir,
252 2277 375 2355 primm
394 2271 555 2349 affimant,
575 2294 628 2332 nen
649 2287 760 2332 rantum
780 2273 958 2350 nomaeffe,
1000 2275 1115 2348 mines,
1137 2274 1187 2355 qui
1209 2273 1372 2346 huiusmodi
1392 2292 1500 2339 rumore
1520 2293 1578 2336 non
1599 2272 1781 2350 efficiuntur,

164 2355 218 2433 sed
238 2355 413 2426 erre'unr're,
432 2371 465 2411 ec
485 2349 591 2429 legibus
612 2348 769 2425 institues:
790 2349 856 2412 bier
872 2348 964 2424 fieri,
998 2375 1032 2417 ec
1052 2355 1148 2435 plures
1167 2356 1255 2416 etiem
1277 2356 1317 2416 ub
1338 2353 1447 2434 ingenii
1470 2351 1724 2431 imbecillitatem,
1739 2355 1783 2416 'ed

169 2450 203 2494 er
218 2431 335 2513 fingulr‘s
364 2428 544 2511 regionibus,
577 2427 665 2492 &1³
696 2427 751 2491 ulis
779 2433 884 2511 proprii
903 2431 960 2489 Dei
1000 2433 1028 2494 id
1049 2430 1249 2513 corrigendum
1271 2433 1386 2514 inepti;
1411 2431 1583 2496 Divinitetie
1602 2447 1697 2496 eutem
1712 2453 1782 2516 per·

164 2512 240 2588 fiet,
255 2529 307 2592 pre
327 2511 437 2588 diverso
456 2531 571 2581 mm,
598 2510 650 2588 qui
681 2529 739 2589 eges
758 2525 888 2590 regerent
907 2513 957 2571 Ci-
999 2511 1088 2575 suefio
1115 2511 1252 2574 omnibus
1286 2511 1450 2575 communie
1481 2513 1549 2574 esl.
1581 2512 1661 2573 Tnm
1693 2515 1783 2578 etiem

168 2593 322 2664 virerent,
344 2591 482 2670 ingenie,
505 2588 545 2652 Φ
564 2588 655 2649 ledele
676 2629 686 2650 .
710 2588 813 2668 lteque
835 2589 856 2649 ii
875 2631 885 2662 ,
904 2588 956 2728 ulei
997 2591 1120 2673 quiret
1144 2587 1306 2664 hujusmodi
1328 2611 1435 2655 terrore
1454 2589 1591 2653 conliblue
1613 2592 1718 2669 Deus,
1741 2611 1785 2658 ree

167 2669 297 2754 primum
319 2667 491 2733 asseruerunt
512 2709 523 2744 ,
546 2666 730 2750 Religionem
752 2666 805 2732 eise
824 2667 951 2748 legire·
991 2671 1044 2736 eise
1065 2669 1180 2735 deberet
1201 2668 1413 2744 sonnidolose,
1436 2669 1628 2745 truculente,
1658 2692 1693 2735 uc
1707 2674 1784 2750 rire

1 2763 2 2776 ¹
117 2825 120 2832 Ι
168 2768 268 2814 rotuut
288 2751 487 2814 commentum
509 2786 520 2821 ,
542 2749 576 2810 de
597 2746 657 2812 sole
677 2745 830 2830 Religione
850 2748 951 2828 loque·
987 2750 1153 2823 ·iniirlieus;
1182 2749 1310 2832 idenim
1335 2749 1494 2832 ignorantie
1515 2749 1656 2814 Hominis
1688 2753 1781 2816 menti

168 2831 297 2907 berem,
316 2849 403 2912 quem
426 2827 522 2892 cellidi
543 2826 707 2902 hujusmodi
729 2827 862 2892 homines
881 2845 950 2896 con·
991 2829 1117 2896 offerunt
1139 2829 1293 2904 tonitruo,
1316 2849 1403 2914 etque
1425 2847 1560 2906 murm,
1582 2847 1782 2918 terroremque

169 2909 309 2987 fixissent,
332 2929 390 2975 non
412 2929 483 2975 vero
502 2908 537 2973 de
557 2928 609 2985 ee,
630 2927 695 2991 quer
716 2910 799 2972 uniue
819 2907 950 3049 suffiml
992 2911 1149 2976 excitantia
1178 2909 1399 2994 plrmtomene.
1437 2913 1482 2974 At
1505 2910 1619 2994 Religio
1641 2913 1780 2998 semper,

169 2991 313 3056 Numinis
331 2989 450 3055 cultum
465 2989 624 3065 decernet,
645 2989 697 3070 qui
719 2989 803 3050 noliri
826 2988 955 3052 soicttue
994 3014 1028 3054 ec
1058 2993 1164 3074 ubique
1188 2991 1282 3054 Deum
1315 2991 1426 3056 summe
1445 2991 1640 3072 Sapientem,
1672 2995 1781 3057 ernrbi-

169 3071 224 3148 lit,
243 3071 295 3153 qui
316 3093 367 3152 per
386 3085 545 3156 precepto,
566 3071 597 3134 or
640 3069 792 3130 remieed
812 3071 953 3133 virtutem
995 3072 1052 3138 lem
1072 3116 1082 3148 ‚
1104 3077 1138 3135 de
1160 3071 1291 3137 Homine
1312 3075 1426 3154 optime
1449 3075 1615 3150 meritum,
1647 3095 1681 3137 ec
1702 3075 1782 3157 spem

169 3171 223 3216 noe
252 3150 390 3226 elliciet,
421 3153 453 3214 le
483 3171 534 3232 per
556 3088 696 3234 supplicie
726 3149 816 3212 etiem
837 3148 956 3213 alteriue
996 3153 1080 3216 nobie
1111 3153 1288 3234 ingerentem
1321 3169 1384 3217 turn
1439 3153 1537 3214 raefidii
1569 3155 1598 3216 in
1627 3155 1781 3232 edv'ersre,

171 3231 239 3299 ritu
261 3276 271 3307 ,
293 3251 311 3296 ι
330 3231 414 3297 uitiis
436 3231 581 3308 retrahet,
602 3250 669 3294 cum
692 3228 767 3293 benc
779 3228 954 3295 servendum
996 3251 1059 3298 turn
1082 3233 1172 3296 etiem
1194 3251 1304 3297 erema
1324 3231 1400 3296 felici
1437 3253 1489 3296 me
1512 3233 1581 3297 rite
1595 3236 1781 3309 demonstret,
1852 3241 1855 3248 '

170 3311 222 3378 eise
236 3311 423 3396 Religionem
444 3311 603 3377 conllenter
623 3309 667 3373 illi
687 3309 878 3375 crediderint.
900 3311 956 3374 vi·
997 3313 1112 3395 qnelem
1135 3311 1260 3388 scilicet,
1283 3313 1410 3377 indicent
1426 3313 1559 3378 Univerii
1572 3314 1726 3389 llrusiure,
1747 3335 1782 3376 ec

171 3391 220 3458 rte
239 3409 386 3476 ergo'quo
415 3392 496 3457 lebili
526 3391 714 3457 fundamento
734 3391 829 3456 innixi
860 3411 955 3457 tecen-
998 3392 1143 3459 mirabilis,
1159 3413 1252 3456 rerum
1274 3393 1376 3469 Ordo,
1391 3395 1429 3456 ἃ
1448 3395 1599 3468 Vetietee,
1623 3415 1658 3461 ec
1678 3411 1780 3468 certus,

172 3473 259 3538 tioree
277 3475 354 3539 etbei
371 3473 556 3556 Religionem
575 3492 693 3536 onmem
716 3472 887 3538 callidorum
903 3473 956 3538 Le·
997 3492 1083 3557 etque
1103 3473 1310 3539 determinetur
1329 3475 1432 3556 cuique
1454 3472 1540 3538 linit.

174 3552 343 3635 gitletorum
366 3556 519 3620 inuentum
541 3553 681 3650 asserent.
775 3635 782 3649 ·
929 3635 936 3649 1

115 3655 150 3716 ³³
173 3635 677 3797 „ristttltrlsnt‘ttlt
695 3635 957 3799 ,illidii
1093 3768 1096 3772 .
1174 3765 1178 3772 .
1289 3635 1490 3700 ΨΜ·
1564 3663 1568 3672 ’

172 3796 300 3871 latores,
321 3813 372 3860 eut
392 3796 465 3859 aliur
476 3796 622 3862 Homines
632 3794 817 3880 Religionem
838 3811 958 3860 omnem
1039 3795 1068 3858 st
1090 3796 1170 3859 nulle
1190 3817 1259 3878 gene
1288 3796 1407 3878 cognite
1427 3795 1484 3859 fine
1505 3793 1647 3876 religione
1680 3797 1781 3878 reperi-
1806 3801 1843 3878 36

172 3874 302 3940 finxisse.
325 3877 575 3954 Quendoenim,
598 3877 629 3940 δι
648 3897 776 3958 quorem
799 3875 829 3936 in
850 3876 956 3940 Conri-
998 3893 1074 3951 tur,
1107 3877 1269 3957 incognitus
1298 3895 1414 3956 qouque
1448 3875 1624 3952 Auilreler,
1658 3876 1787 3956 eliasque

171 3955 215 4019 lio
235 3957 271 4019 eil
293 3956 350 4020 boc
372 3977 528 4022 convenere
540 3957 638 4021 callidi
650 3959 796 4021 Homines
809 3975 844 4018 er
859 3957 956 4018 ornni·
998 3959 1096 4040 gentes
1116 3957 1288 4037 religionem
1321 3957 1424 4020 bebere
1456 3956 1608 4020 secundum
1631 3957 1784 4036 Anelogiae
1820 4037 1821 4041 Ἰ

171 4037 223 4100 bue
244 4037 360 4112 terris,
393 4055 427 4102 ut
448 4037 516 4102 illud
537 4055 738 4103 commentum
760 4039 890 4101 bumeno
908 4057 956 4118 ge·
999 4035 1109 4118 regular
1131 4042 1190 4112 jure
1211 4035 1373 4118 meritoque
1404 4055 1670 4118 argumententur.
1704 4039 1784 4099 Sicut

168 4116 233 4184 neri
256 4115 477 4202 perstrederentt
501 4120 560 4196 Qui
582 4119 644 4184 fieri
664 4118 789 4202 potuit,
811 4135 844 4180 ur
865 4118 958 4180 nemi.
998 4121 1075 4181 enirn
1098 4137 1158 4191 ee,
1188 4137 1251 4199 que
1272 4116 1338 4178 eliis
1357 4121 1492 4182 omnibus
1517 4117 1785 4181 tenimentoru-
1840 4113 1846 4189 l

141 4235 153 4257 a
171 4220 208 4264 ne
228 4199 346 4282 penitus
366 4197 542 4283 discrepante
564 4197 592 4262 in
614 4197 776 4274 huiusmodi
797 4196 956 4260 concilium
1003 4196 1104 4260 munie
1124 4193 1215 4273 sunt,
1252 4195 1284 4259 in
1305 4197 1472 4261 bominibus
1491 4203 1610 4284 quoqne
1629 4195 1784 4282 rneegntrse

171 4280 359 4378 convenirent
376 4363 382 4377 Ι
401 4301 504 4347 omnes
528 4280 680 4378 ⁸tutiusque
715 4276 859 4377 Regionis
898 4279 974 4363 iltu-¹
1002 4275 1228 4361 presumuntur,
1251 4279 1293 4342 ite
1312 4277 1342 4341 dt
1364 4275 1503 4366 Religio.

169 4383 398 4508 uruntur
416 4363 870 4538 ”tinnierunt
884 4379 1098 4502 ,rra
1230 4394 1233 4400 ·
1469 4415 1470 4418 ψ

171 4523 264 4589 eleut?
287 4525 328 4589 Et
348 4543 382 4590 ur
403 4525 434 4588 in
453 4541 538 4590 rente
557 4541 626 4590 uttae
646 4539 821 4602 morumque
842 4517 958 4583 durerii-

172 4621 237 4678 rere
253 4605 315 4689 puli
335 4623 412 4684 tut,
445 4627 480 4672 eu
510 4623 605 4672 tentes
640 4623 735 4672 rerum
757 4599 959 4677 metetienee,
1074 4621 1079 4654 .·
