4008 5258
261 106 350 224 '232
498 98 1525 200 S·ACRAMEN'TUM,Ann.ll.

211 223 279 290 ta'is
314 223 358 284 sert
403 203 647 296 indi'lposrtionetn
690 213 782 277 adulti
827 213 1002 296 suscipientis
1042 209 1324 288 bacchantium,
1346 230 1525 296 quapropter
1544 215 1595 283 bot
1615 219 1749 299 nonsart
1781 218 1832 278 ite·

209 293 484 448 tudisii?
499 295 1017 460 ,iiiiil‘mtililiil’rr
1035 293 1166 439 lili·
1184 292 1834 456 {intimidi*lddll‘rlai‘da

208 468 267 530 tim
285 459 456 530 consertor.
478 463 639 521 Communis
657 477 725 519 cunt
743 457 775 518 S.
797 455 856 518 Tlr.
887 481 917 538 q.
943 459 1009 536 op..
1037 418 1210 540 simpliciter
1238 453 1448 527 initerab'tlie,
1493 459 1522 522 sit
1556 460 1662 527 habent
1697 459 1834 530 effeelurn

204 567 264 614 art.
291 568 338 611 ro.
359 542 408 606 nbi
433 542 476 603 src·
491 539 596 604 habet:
617 543 760 621 Oportet,
790 541 865 617 quod
898 544 1004 601 remutet
1037 538 1121 602 suurn
1140 537 1194 600 fibi
1216 540 1386 622 proprium,
1404 534 1517 604 scilicet
1536 541 1737 608 Confirmatio
1756 543 1834 608 Gra·

208 655 241 693 ea
257 647 308 714 pec
322 625 539 696 Paenitentiam,
562 636 669 704 nempe
683 617 819 694 idione,
842 620 1001 703 Baptismus
1037 621 1114 682 tiam
1138 617 1166 680 in
1188 619 1262 684 Fide
1281 617 1389 701 Cirpisli
1411 617 1624 701 roborantem,
1649 627 1738 688 Ordo
1756 625 1834 690 Gra-

202 713 301 794 statim
323 708 500 788 consequatur
514 707 599 783 joam
619 700 773 780 offredum„
807 701 865 763 Cui
883 701 1000 764 consor·
1040 704 1113 765 tiam
1130 704 1170 762 ad
1207 700 1292 798 digne
1320 701 1352 764 'dt
1373 699 1464 762 tonde
1484 702 1669 787 adimplenda
1699 705 1834 773 inlinisse·

210 793 276 856 mis'
289 793 327 857 esl
348 791 451 854 &noo
471 789 501 846 in
522 805 553 861 4.
572 810 604 867 q.
624 804 696 868 φη.
711 803 744 860 4
763 782 811 844 ubi
831 783 869 845 lic
887 779 999 864 expres-¹
1037 783 1192 864 riadacra
1211 783 1331 848 cuilibet
1347 781 1458 846 ordini
1479 805 1610 863 annexa,
1633 786 1685 868 qui
1715 783 1835 853 adeam

177 918 190 937 a
210 873 237 938 se
258 874 324 937 ait:
347 867 437 946 Potest
456 864 533 942 dici,
552 867 629 948 quod
648 867 700 928 illa
714 861 796 941 fidia
811 889 869 927 uon
898 863 1000 926 a'ineir-
1037 861 1166 927 ab‘aliis
1182 863 1380 930 sacramentis
1398 862 1523 927 conserti
1543 884 1718 948 nequeunt,
1748 871 1833 932 adeo·

206 960 281 1020 titur
302 951 357 1026 nist
371 968 422 1032 per
440 970 536 1009 verum
558 951 775 1021 Ratitentianr,
793 947 847 1026 sed
864 945 1001 1024 auditui]-
1035 987 1040 998 ·
1067 967 1100 1007 ue
1120 944 1179 1006 haec
1196 945 1257 1009 duo
1276 965 1392 1030 quoque
1409 947 1598 1013 Sacramenta
1619 947 1703 1014 sernel
1735 947 1834 1016 valide

181 1033 186 1044 '
206 1039 243 1118 su
264 1031 348 1095 habet
369 1032 530 1113 Baptismus
548 1029 677 1109 effiiium
688 1030 777 1108 strum
799 1070 808 1088 .
831 1027 872 1090 Et
894 1027 1004 1090 ibidem
1037 966 1172 1169 insaepta
1193 1027 1250 1090 line
1269 1024 1368 1090 adedo
1391 1026 1625 1104 rationeobicir,
1646 1031 1833 1112 polleat-amo·

212 1118 282 1182 a.8.
308 1114 426 1194 loquens
441 1113 479 1174 de
501 1131 562 1188 eo,
590 1111 647 1192 ¹¹qui
672 1108 785 1174 accedit
813 1127 879 1170 curn
906 1106 1004 1169 nuto·
1035 1127 1079 1173 no
1100 1127 1119 1170 0
1141 1105 1334 1172 iceveffeslum
1356 1105 1437 1170 suum
1459 1108 1600 1186 causare,
1634 1111 1684 1175 seu
1703 1109 1832 1176 canierre

212 1216 250 1262 ne
274 1195 439 1275 suhjtutgit:
460 1198 575 1271 Recipit
592 1216 655 1272 ergo
683 1190 811 1268 effeilum
844 1191 1004 1271 Baptismi,
1046 1189 1150 1252 debent
1169 1233 1192 1273 ,Ι
1212 1211 1254 1252 ne
1279 1189 1424 1270 recipient
1448 1203 1584 1256 teneatur
1612 1211 1711 1258 carere
1731 1189 1833 1256 eredo

213 1277 325 1362 quando
342 1279 489 1355 puniret.
517 1272 606 1340 undo
623 1272 779 1335 immerito
801 1315 810 1344 ,
832 1271 864 1333 dr
884 1268 954 1334 salso
976 1269 1006 1330 in
1043 1269 1173 1355 ipsorum
1198 1271 1225 1331 in
1245 1287 1444 1352 perpetuuma

212 1359 391 1424 contrarium
408 1375 479 1418 eum
501 1356 576 1419 citat
597 1353 696 1418 Goner
718 1352 820 1427 disat.
840 1372 872 1428 4.
894 1352 928 1412 de
949 1355 1004 1412 siu·
1086 1351 1188 1414 Etiam
1214 1351 1356 1414 Extrema
1376 1350 1511 1430 Unslio,
1544 1355 1574 1417 dt
1596 1354 1829 1418 Matrimonium
1852 1373 1892 1430 29

210 1442 314 1527 prisma
332 1455 390 1499 urt.
416 1457 443 1497 2.
477 1437 516 1498 Et
542 1436 690 1500 conclusio
719 1369 841 1496 liniator
868 1444 938 1495 tota
957 1452 1003 1493 ex·
1044 1431 1225 1512 probabilius
1261 1429 1436 1496 reviviscunt
1460 1434 1607 1501 recedente
1628 1434 1763 1501 fidione.
1785 1437 1833 1502 Sic

214 1522 301 1608 presl'e
318 1541 357 1583 ert
379 1515 473 1582 uerbis
492 1518 522 1581 S.
546 1515 701 1598 Augustini
715 1515 774 1576 sci.
797 1535 826 1574 t.
845 1512 1003 1594 deBuptis·
1039 1515 1073 1574 ⁴8.
1095 1513 1229 1574 Thomas
1249 1513 1299 1574 loc.
1323 1518 1371 1575 cit.
1395 1513 1433 1576 (t
1453 1514 1517 1594 dist.
1532 1537 1578 1596 17.
1590 1515 1682 1597 puell.
1697 1535 1788 1598 3.art.
1803 1541 1834 1594 4.

212 1627 263 1666 mo
280 1618 343 1685 cap.
366 1619 416 1662 12.
436 1597 520 1662 relat.
538 1602 573 1662 -in
592 1615 652 1680 cop.
669 1599 755 1659 Tunc
770 1593 1002 1672 miletenadrsl.
1041 1615 1110 1658 cnm
1133 1593 1264 1669 dixisset,
1283 1592 1499 1660 Consesstonem
1519 1595 1693 1663 reviviscere
1722 1596 1835 1662 sublata
1870 1617 1888 1625 ·

213 1707 247 1760 4.
262 1683 300 1744 de
317 1683 466 1762 consecrat.
486 1678 549 1754 ibi3
570 1682 651 1742 Tunc
669 1679 764 1740 trusere
785 1677 882 1758 incipit
902 1675 942 1737 ud
956 1676 1004 1754 su·
1042 1674 1183 1751 sidium,
1206 1675 1304 1750 addit,
1325 1676 1403 1738 idem
1427 1677 1479 1741 ell'e
1512 1676 1540 1738 in
1573 1676 1640 1741 aliis
1668 1681 1834 1744 Sacramen-

214 1767 301 1828 sutcm
323 1758 516 1846 Baptismus,
543 1783 609 1823 cum
628 1760 683 1822 issu
696 1759 778 1838 fiiiio
807 1762 904 1821 vmaci
929 1763 1005 1821 coa·
1045 1757 1104 1832 tis,
1124 1755 1156 1818 dt
1177 1755 1325 1836 coiligitur
1346 1779 1380 1819 ert
1403 1757 1490 1822 Scoto
1510 1759 1659 1854 iot-,citat
1689 1762 1720 1824 dt
1751 1777 1835 1825 tenet

211 1848 321 1928 [afflone
337 1843 490 1924 tecrfferit,
507 1865 571 1923 que
588 1841 671 1906 corde
693 1845 724 1906 in
744 1839 876 1914 mulitia,
898 1841 1005 1901 vessu-
1042 1839 1236 1902 *communior
1258 1837 1438 1900 Bostar-um·
1459 1839 1503 1902 Et
1517 1842 1659 1917 rattnesl,
1680 1842 1748 1920 quia
1761 1863 1832 1904 cunt

213 1929 281 1994 erile
298 1929 324 1988 io
339 1927 548 2010 perseverante,
566 1940 737 2006 peccatorum
753 1920 932 1984 abolitionem
953 1945 1006 1984 non
1041 1921 1136 1984 etiam
1156 1918 1218 1980 hac
1239 1919 1296 1982 duo
1313 1920 1502 1984 'Sacramenta
1523 1919 1673 1984 secundum
1694 1922 1762 2002 quid
1778 1925 1833 1986 srnt

210 1953 323 2088 liuciae
338 2005 420 2086 fieri:
446 2006 484 2067 Et
506 2007 581 2069 ratio
597 2005 642 2068 esl
659 2051 668 2081 ‚
686 2002 759 2086 quia
779 1999 945 2086 Baptismus
958 2000 1004 2066 se·
1043 2000 1263 2076 irreiterabilia,
1283 2020 1387 2082 nempe
1404 2002 1527 2064 durante
1546 2002 1648 2066 eadem
1677 2001 1833 2066 infirmita-

214 2091 273 2154 tnel
294 2089 390 2154 valide
417 2084 492 2150 susce
514 2102 561 2148 tus
589 2087 628 2149 ob
656 2085 820 2168 impressum
853 2084 1004 2146 charone·
1042 2104 1099 2159 te,
1116 2082 1291 2145 &durante
1309 2081 1375 2144 vita
1396 2081 1541 2164 utriusque
1559 2083 1714 2165 conjugit,
1737 2085 1767 2145 dt
1780 2083 1833 2146 lra-

215 2191 279 2235 rem
301 2166 340 2232 est
362 2107 533 2232 iniretabiiis
553 2188 587 2231 en
609 2168 701 2232 Cone.
724 2164 855 2230 Florent.
873 2164 936 2244 seff.
962 2165 1004 2224 us·
1047 2156 1132 2227 benni
1154 2159 1267 2226 effedlus
1289 2163 1399 2244 aliquos
1429 2162 1567 2246 speciales
1597 2164 1646 2226 fibi
1676 2165 1831 2248 proprios,

215 2257 279 2316 tim.
309 2253 339 2311 in
370 2253 480 2312 Decret.
516 2250 633 2331 Eugenii
666 2251 713 2309 ΙΙΙ.
746 2245 776 2308 δι
807 2245 1006 2308 Concreto.
1046 2243 1155 2307 scilicet
1176 2243 1319 2306 Extrema
1335 2241 1446 2308 lrnttio
1463 2245 1600 2308 Gratiam
1616 2244 1758 2308 delentem
1769 2266 1834 2326 pec-

214 2331 279 2412 seff.
301 2351 330 2410 7.
352 2336 426 2393 Can.
449 2353 478 2409 9.
502 2333 550 2392 cit.
570 2347 625 2390 art.
647 2329 816 2390 antecedent.
836 2349 912 2388 num.
931 2328 1006 2403 p&
1045 2343 1177 2387 catorum
1197 2323 1354 2404 reliquias,
1378 2327 1408 2388 ἃ
1430 2325 1461 2386 in
1482 2343 1614 2390 extremo
1634 2323 1770 2390 conflicto
1788 2347 1835 2388 ro·

218 2417 282 2486 ejus
299 2408 418 2475 elladius
443 2456 452 2488 ,
475 2408 582 2472 scilicet
612 2407 788 2492 regeneratio
817 2404 1006 2490 spiritualis,
1048 2407 1226 2477 boranrem;
1249 2405 1477 2468 Matrimonium
1501 2407 1833 2471 Gratiamntutuaecon·

223 2495 260 2558 esl
284 2493 455 2576 fimpsiciter
474 2491 694 2554 necessariusad
725 2487 872 2564 salutem,
906 2490 1008 2560 Jonnn.
1047 2484 1151 2550 cordia
1172 2487 1328 2568 coniugum
1349 2487 1591 2565 conciliarivanr,
1610 2490 1644 2552 dt
1664 2487 1700 2551 ad
1721 2486 1836 2553 serenda

219 2591 283 2658 rap.
306 2596 336 2650 4.
356 2595 431 2634 num.
459 2595 484 2635 1.
505 2571 575 2634 ibi:
607 2571 673 2646 trist
701 2571 763 2653 quir
796 2589 904 2632 renatus
919 2571 1009 2646 suerit
1049 2589 1136 2632 onera
1158 2568 1347 2630 Matrimonii
1363 2567 1601 2644 auxiliariorum,
1634 2589 1686 2633 nec
1707 2569 1737 2631 lri
1770 2567 1835 2634 elle·

226 2675 260 2716 ert
279 2677 371 2734 aqua,
395 2651 435 2716 ἴθ’
456 2653 564 2736 Spiritu
584 2651 700 2726 Suniid,
723 2673 774 2712 non
800 2652 884 2732 potest
916 2654 1008 2712 introi·
1052 2649 1112 2712 trus
1133 2670 1185 2730 per
1205 2647 1262 2712 alia
1279 2649 1468 2714 Sacramenta
1488 2649 1685 2727 conserantur,
1707 2649 1835 2714 hieron·

221 2759 251 2798 re
272 2737 302 2796 in
322 2738 449 2814 Regnum
471 2733 552 2794 Dei.
582 2733 625 2796 Et
654 2749 773 2815 peccare
803 2749 869 2794 ante
901 2729 1009 2812 Baptis-
1050 2748 1155 2872 porum
1177 2730 1216 2793 eil
1235 2729 1325 2794 etiam
1347 2731 1407 2793 lraee
1436 2731 1494 2794 duo
1524 2733 1709 2795 Sacramenta
1740 2731 1836 2798 valide

219 2837 303 2880 munt
326 2813 476 2877 commissa
508 2830 557 2897 per
587 2813 700 2877 nullum
733 2811 810 2874 aliud
838 2813 1006 2874 Sacramen—
1062 2809 1176 2894 ulcepta
1194 2811 1252 2873 fine
1271 2810 1387 2887 otrodo,
1410 2813 1735 2893 polleaamotoobice,
1759 2813 1834 2877 revi-

221 2917 285 2961 tum
310 2896 419 2958 remitti
443 2895 575 2977 poslunr,
599 2893 645 2958 sed
667 2915 716 2978 per
738 2891 830 2976 ipsum
853 2892 943 2956 solum
958 2892 1007 2954 lla-
1049 2891 1173 2967 viscere,
1193 2893 1226 2954 sit
1248 2892 1339 2956 didos
1355 2890 1422 2955 suos
1439 2893 1597 2974 peculiares
1625 2891 1742 2958 esiedlus
1769 2913 1836 2958 cart·

222 2976 365 3062 prismum
387 2977 416 3036 in
439 2971 491 3048 re‘,
514 2973 561 3038 vel
584 2975 613 3036 in
631 2995 728 3051 voto,
751 2991 783 3038 ut
805 2990 886 3056 patet
908 2997 943 3038 ex
966 2974 1006 3036 di·
1051 2973 1130 3037 sare:
1152 2973 1313 3036 dummodo
1332 2971 1407 3036 obex
1428 2991 1612 3039 removeatur
1633 2975 1709 3038 intra
1719 2993 1837 3052 temptet

221 3060 273 3123 tris
294 3055 343 3121 sub
365 3058 444 3120 verb.
467 3059 615 3120 Peccatum
635 3081 711 3119 num.
736 3060 782 3136 36.
805 3077 873 3137 ergo
904 3055 1008 3119 neccsle
1049 3053 1170 3128 ejusdem
1193 3055 1307 3129 morbi,
1330 3053 1376 3119 vel
1399 3055 1552 3138 conjugii,
1582 3073 1615 3120 ut
1645 3073 1744 3120 tenent
1764 3056 1833 3117 Sua·

223 3143 292 3213 esl,
326 3155 357 3200 ut
381 3136 544 3218 Baptismus
561 3135 645 3200 semel
669 3137 763 3200 valide
796 3153 924 3220 receptus
954 3137 1010 3199 fine
1052 3157 1126 3209 rea,
1159 3136 1203 3198 Lu
1223 3154 1272 3213 n,
1303 3135 1469 3212 Coninclr,
1500 3135 1658 3218 Cassrnpal.
1689 3156 1756 3200 curn
1791 3136 1837 3196 La

222 3218 323 3286 arduo
345 3219 456 3282 ratione
476 3219 600 3294 obicis,
633 3219 778 3283 recedente
802 3217 898 3299 pollen
927 3218 1009 3282 obice
1051 3217 1142 3280 croix
1181 3156 1234 3279 lii.
1268 3220 1298 3280 d.
1325 3233 1390 3300 pat.
1425 3237 1450 3280 1.
1471 3239 1548 3280 num.
1572 3238 1640 3278 aot.
1660 3217 1693 3280 δι
1713 3216 1836 3298 plurimi

161 3317 163 3322 ’
220 3316 357 3384 operetur
376 3297 458 3361 suum
477 3296 611 3362 essedum
632 3343 641 3374 ,
665 3317 757 3385 quem
780 3316 864 3361 antea
892 3298 1009 3381 operari
1046 3298 1120 3361 alii.

225 3380 345 3456 nequit,
912 3439 920 3452 ,
1090 3377 1270 3443 Paenitentia
1299 3393 1396 3443 antem
1424 3399 1485 3442 nnn
1518 3377 1668 3443 reviviscit
1688 3377 1838 3445 recedente
1859 3389 1900 3450 30

165 3460 203 3522 28
265 3461 366 3524 Etiam
388 3459 1007 3542 aliaduoSactamenraimprimentiaClra·
1047 3457 1185 3535 idione,
1210 3459 1256 3523 seu
1277 3461 1391 3525 obice.
1427 3460 1472 3522 Sic
1494 3458 1597 3523 Scotns
1617 3467 1648 3523 in
1669 3481 1699 3536 4.
1721 3463 1784 3542 diss.
1809 3483 1837 3524 r.

198 3543 390 3616 Aadlerem,
425 3540 532 3605 scilicet
561 3541 788 3618 Confirmatio,
819 3543 850 3605 dt
883 3541 1007 3606 Ordosi
1047 3567 1076 3622 q.
1094 3541 1161 3617 2.§.
1182 3547 1288 3602 Contra
1308 3542 1389 3620 iilam
1408 3544 1579 3622 opinionem
1600 3543 1649 3604 ubi
1672 3541 1835 3626 srcexpres-

219 3621 303 3698 fiete,
327 3622 372 3685 seu
394 3621 557 3706 indisposite
576 3644 642 3685 cunr
665 3625 747 3688 obice
766 3624 877 3706 peccati
891 3638 1000 3687 morta·
1041 3625 1068 3687 se
1089 3622 1195 3685 habet:
1216 3627 1247 3684 in
1261 3621 1330 3698 fidia
1351 3627 1502 3687 Panirente
1521 3621 1760 3703 ceffantefitiionc
1791 3628 1834 3688 ni·

219 3703 257 3767 lis
277 3721 392 3786 recepta
410 3703 497 3779 fitrt,
527 3704 674 3768 recedente
700 3705 799 3788 pollea
829 3725 1000 3787 pernetam
1038 3703 1088 3766 ,hrt
1108 3705 1164 3783 esl,
1187 3703 1260 3784 qaod
1276 3705 1402 3784 sufficiat
1422 3705 1596 3782 adeffeiiuru
1607 3727 1682 3767 ueta
1691 3709 1836 3772 Paeniten-

221 3785 427 3848 Poettitentiatn
450 3783 588 3848 fidliene·
611 3786 656 3850 seu
676 3787 759 3848 obice
788 3786 898 3868 peccati
928 3805 1006 3849 mor·
1048 3789 1116 3857 tiae3
1137 3785 1261 3868 alioquin
1280 3811 1332 3848 nou
1344 3804 1477 3869 oporteret
1495 3788 1582 3848 talem
1595 3785 1665 3863 fidit
1694 3789 1839 3870 confestum

222 3865 291 3929 talis
302 3865 494 3936 reviviscunt,
518 3865 563 3927 serr
585 3867 734 3929 conserunt
767 3865 845 3929 suum
857 3867 1005 3950 proprium
1046 3868 1083 3927 de
1102 3869 1205 3945 eisdem
1213 3867 1545 3950 peccatisusiasconfiteri
1555 3911 1564 3931 .
1583 3871 1706 3932 Scotum
1719 3867 1838 3950 sequun-

224 3943 353 4008 effedium
376 3945 487 4008 Gratia
505 3949 752 4010 Sacramentalis.
774 3949 819 4011 Sic
832 3947 958 4032 expresl'e
979 3948 1008 4010 S.
1045 3965 1098 4009 tur
1118 3947 1219 4029 passrm
1242 3948 1387 4023 Scotislat,
1409 3950 1440 4012 ἃ
1460 3949 1536 4014 varii
1556 3949 1610 4011 alii
1632 3953 1723 4015 exteri
1734 3969 1840 4017 contra

216 4025 286 4089 Ἧι.
307 4030 338 4090 in
359 4047 389 4102 4.
409 4024 471 4106 dist.
493 4047 523 4103 4.
532 4051 560 4108 q.
578 4049 667 4108 part.
691 4049 718 4091 2.
737 4030 763 4090 S.
776 4027 887 4092 Bnnav.
900 4031 962 4110 diss.
980 4051 1006 4090 t.
1051 4028 1164 4093 Divum
1183 4028 1357 4106 Thomam,
1380 4033 1409 4093 dt
1431 4031 1524 4103 aliotr
1548 4029 1589 4092 Et
1610 4032 1647 4093 fic
1668 4032 1838 4098 videturne·

221 4123 285 4188 pac.
308 4127 337 4171 r.
359 4127 414 4169 art.
439 4127 487 4188 13.
509 4109 611 4188 quibus
630 4108 768 4173 consonat
789 4110 890 4173 Storna
906 4113 940 4172 in
973 4132 1003 4189 4.
1046 4129 1112 4173 nere
1134 4112 1231 4192 pranis
1251 4109 1761 4188 sereuniversalisConsessariurum,
1807 4113 1841 4180 ni

224 4187 288 4265 deli.
315 4209 341 4251 r.
360 4213 389 4270 qu
414 4209 440 4268 ς.
463 4213 491 4252 n.
514 4211 541 4264 7.
563 4189 607 4252 lris
628 4191 721 4254 verbis
745 4213 753 4252 t
777 4195 811 4252 sn
830 4193 1005 4273 quibuscum·
1047 4211 1147 4256 omnes
1169 4190 1260 4254 solent
1281 4193 1393 4274 exigere
1415 4213 1433 4254 a
1455 4135 1839 4260 Ponitenriboecoofetio

223 4292 276 4411 gae
296 4270 479 4344 sacramentis
507 4273 677 4351 imprimitur
706 4272 843 4353 dr'spofitio
874 4274 913 4335 ad
940 4274 1003 4350 effe·
1045 4293 1110 4336 nem
1130 4270 1198 4335 'iidie
1216 4270 1354 4336 {asianum
1377 4274 1582 4355 repetitionem
1606 4297 1614 4346 3
1639 4275 1684 4338 Eo
1706 4275 1754 4340 vel
1777 4297 1838 4340 ma·

174 4381 179 4397 2
252 4373 297 4412 nm
315 4353 517 4434 principalem:
535 4351 565 4428 fi
577 4368 686 4434 propter
703 4353 803 4416 obicem
818 4357 1004 4436 infiascipien·
1045 4353 1142 4427 rime,
1165 4354 1243 4434 quod
1265 4375 1322 4418 nnn
1343 4353 1427 4416 datur
1449 4355 1665 4420 Sacramentum
1690 4357 1839 4424 Poeniten·

223 4451 251 4492 te
272 4457 322 4495 non
343 4435 471 4512 causatur
490 4451 553 4495 tuuc
573 4433 681 4509 effutita
687 4437 870 4516 principalis,
894 4437 1007 4516 ceffante
1049 4436 1096 4498 tiae
1117 4434 1270 4509 validum,
1292 4436 1322 4496 dt
1345 4433 1490 4512 informe,
1513 4455 1544 4500 ur
1566 4441 1626 4510 jam
1647 4439 1839 4521 probavimus

223 4511 314 4589 obice,
331 4513 437 4594 sufficit
455 4513 595 4596 dr’spofitio
615 4515 653 4575 ad
673 4517 754 4577 issum
775 4515 901 4592 effciium
926 4522 1007 4598 prin·
1046 4514 1098 4578 sub
1117 4517 1393 4580 verb.„Poenitenria
1421 4522 1631 4599 Sacramentum
1664 4541 1723 4585 att.
1757 4542 1788 4586 a.
1819 4545 1839 4583 a

220 4596 359 4678 tipasam,
384 4612 415 4656 ut
435 4613 548 4680 apparet
567 4603 597 4661 in
618 4597 804 4663 intrumentis
821 4601 1004 4684 imprimenti-
1045 4621 1122 4662 num.
1137 4603 1182 4660 ro.
1192 4597 1232 4682 ad
1244 4619 1290 4677 29.
1299 4599 1379 4663 Vide
1386 4596 1429 4662 iii
1439 4643 1448 4662 .
1881 4635 1888 4648 ι

690 4705 692 4712 '
1734 4683 1795 4748 Ett-
