3996 5266
559 111 1368 208 socmTAs‘INTER.FRATRns.‘·
1618 133 1705 245 ’μς

232 227 489 304 leltrrcontrallae
509 236 724 298 communicare
753 253 819 296 curn
835 233 939 298 alteris
976 251 1024 299 rer
1044 233 1226 300 creditorem
1246 281 1255 311 ‚
1278 237 1308 299 ἃ
1330 234 1456 314 stillulis
1476 233 1575 304 fimes*
1594 239 1734 310 ἆθῦῖῑῡῐθθ
1746 253 1767 322 t'v

146 313 238 380 fortio
255 311 438 380 solummodo
459 310 623 378 thesaurum
647 333 791 397 repertum
804 315 834 376 in
850 314 938 380 londo
978 335 1050 378 onus
1070 316 1210 398 probandi
1239 316 1453 380 taleadebitum
1489 317 1565 388 fuisse
1596 325 1763 389 conversum

142 397 245 464 alieno
266 409 382 476 propter
403 393 552 457 addudam
580 395 725 460 rationem
748 421 759 457 :
778 400 864 460 'Non
895 413 937 460 ta·
975 397 1008 456 io
1033 415 1217 459 communem
1249 395 1374 477 ipsorum
1405 397 1562 460 utilitatem
1596 401 1699 483 speciae
1728 407 1764 468 ad

143 499 217 543 men
237 473 398 539 thesaurum
420 492 565 556 repertum
586 479 616 539 io
637 475 687 539 luo
706 476 821 554 fundo,
843 477 945 558 agro,
977 475 1157 540 Creditorem
1179 476 1224 538 uti
1245 477 1381 540 Allorem
1396 497 1513 561 propter
1532 478 1628 557 didio,
1650 485 1680 545 δι
1701 488 1764 557 juta

142 558 193 623 vel
216 559 305 621 domo
325 555 396 638 quia
417 573 486 619 tunc
508 556 624 638 perinde
645 557 740 632 ellel,
773 576 806 620 ac
837 557 937 620 sitem
979 557 1099 619 addudla
1120 577 1241 621 numero
1262 558 1458 622 antecedenti.
1481 555 1527 622 Sic
1549 560 1578 620 in
1600 561 1763 628 universum

141 637 225 700 suam
246 637 377 699 amilium
401 635 572 713 invenillet,
606 654 657 702 aut
679 636 807 704 nesciens
828 637 875 700 ubi
898 638 936 702 el·
978 637 1437 780 Rofiqnoldocucirar.·d17qutstt.
1463 641 1537 717 ᾡς.
1560 660 1590 720 7.
1611 662 1676 707 cum
1698 642 1764 709 aliie

141 717 207 796 set,
230 718 325 800 pollea
346 716 504 798 reperillet.
527 719 574 782 Sic
595 719 716 802 exprelle
738 719 866 783 Azorius
885 719 936 782 loc.
979 717 1019 780 ibi
1040 711 1096 781 ale
1116 720 1190 783 atio.

86 804 123 869 eo
143 803 194 863 cit.
218 818 278 880 cap.
293 801 343 878 ¹7·
364 798 583 886 verfilooievo,
606 801 637 863 ἃ
658 800 729 863 alii.
748 801 868 881 Semper
888 821 935 864 au·
1019 741 1184 877 Delium,
1208 798 1254 864 seu
1275 799 1450 892 maleficium
1474 800 1556 866 unius
1576 801 1671 867 fratria
1693 799 1762 870 socii
1785 827 1821 892 31

141 897 206 945 tem
230 879 295 944 ellet
316 879 573 944 communicandus
592 899 659 944 curn
681 881 745 944 aliis
776 881 862 944 belis
880 881 936 945 live
976 880 1109 943 omniunt
1131 881 1274 945 bonorum
1297 925 1306 958 ,
1329 901 1388 944 non
1408 900 1495 948 nocet
1514 881 1578 945 aliis
1599 881 1731 950 iratribus
1755 911 1763 959 ς

142 960 299 1035 iratribus,
322 959 377 1024 sive
398 961 539 1023 extraneis
559 960 625 1024 talis
648 962 823 1041 ubicumque
845 977 934 1059 repen
976 961 998 1022 l.
1019 966 1094 1023 Cum
1113 961 1217 1023 duobus
1238 983 1283 1041 52.
1305 964 1334 1039 §.
1360 983 1386 1022 2.
1411 962 1449 1026 (b
1473 963 1521 1024 28.
1536 965 1574 1040 ffi
1599 967 1655 1027 Pro
1669 971 1762 1044 socio.

92 1049 94 1056 ’
145 1059 194 1106 tus
214 1039 390 1115 thesaurus,
421 1039 537 1105 fiint'er
557 1038 632 1124 ipsos
652 1041 743 1104 luillet
765 1044 839 1105 inita
859 1063 933 1124 rrgo·
976 1041 1060 1106 Unde
1090 1041 1109 1103 sr
1139 1043 1207 1106 talis
1238 1043 1323 1106 irater
1361 1043 1528 1122 delinquens
1558 1047 1764 1112 condemnetur

144 1123 210 1186 cola
230 1121 348 1184 societas
367 1121 500 1184 omnium
521 1121 684 1197 bonorum,
707 1142 756 1202 per
777 1123 853 1184 dicia
873 1168 882 1198 ,
904 1123 934 1185 bc
998 1139 1095 1204 ropter
1115 1123 1249 1187 delicium
1270 1168 1279 1197 ,
1301 1121 1348 1186 seu
1369 1123 1543 1186 maleficium
1566 1126 1600 1187 ad
1622 1146 1763 1220 poenam,

144 1206 210 1280 jura
230 1201 350 1266 adduoa
364 1202 449 1284 supra
470 1225 544 1265 aum.
571 1202 616 1265 18.
637 1203 735 1276 juncia
753 1203 775 1263 l.
797 1209 830 1266 Si
846 1205 930 1282 socie·
973 1141 1081 1267 iolvere
1100 1203 1183 1268 debet
1204 1205 1237 1267 de
1259 1201 1345 1278 suis,
1377 1205 1488 1267 &non
1508 1205 1542 1270 de
1563 1208 1645 1270 bonis
1676 1209 1763 1274 socie·

143 1305 233 1346 tatem
267 1285 456 1365 universorum
479 1285 651 1362 foramem
682 1303 731 1366 73.
746 1283 786 1361 ff.
807 1287 862 1346 Pru
885 1286 929 1364 so·
973 1284 1065 1358 tatis,
1088 1301 1169 1348 textu
1191 1285 1316 1364 exprello
1337 1286 1368 1346 in
1389 1287 1438 1347 cit.
1454 1287 1490 1359 ab.
1516 1291 1561 1350 18.
1585 1287 1650 1350 ibi:
1681 1293 1713 1352 si
1731 1287 1765 1353 ob

143 1369 210 1432 ct‘o.
785 1383 788 1388 ¹
978 1363 1144 1441 malqicium
1158 1368 1259 1445 suum,
1280 1369 1369 1446 ipsum
1384 1382 1493 1427 tantum
1512 1369 1646 1431 damnum
1661 1372 1766 1448 sentire

80 1473 121 1532 ⁸7
189 1446 328 1511 Debitum
350 1445 526 1510 contrabium
560 1445 596 1508 ab
629 1465 688 1509 uno
721 1444 842 1508 fratrum
876 1446 938 1528 poll
978 1445 1075 1506 debere
1095 1489 1104 1508 .
1126 1446 1167 1509 Et
1188 1447 1265 1509 ratio
1285 1447 1323 1509 ell
1339 1483 1352 1518 =,
1374 1445 1443 1526 quia
1464 1447 1545 1512 licuti
1566 1447 1684 1513 societas
1706 1473 1765 1518 non

142 1529 264 1594 obitum
287 1528 397 1611 patris,
420 1527 456 1590 ell
477 1528 511 1588 de
532 1529 682 1588 communi
704 1525 895 1602 solvendum,
918 1527 937 1588 fi
976 1527 1014 1588 eil
1038 1527 1109 1590 inita
1130 1528 1164 1591 de
1185 1527 1270 1590 lucris
1291 1528 1527 1608 provenientibus
1545 1551 1581 1592 ex
1602 1530 1709 1613 culpa,
1731 1549 1765 1600 ut

146 1607 316 1674 contrarium
337 1605 424 1669 luerit
446 1608 474 1667 in
497 1614 681 1672 communem
713 1605 833 1670 fratrum
857 1605 935 1672 utili·
976 1628 1012 1670 ex
1033 1605 1130 1682 lurco,
1152 1607 1329 1683 homicidio,
1353 1606 1512 1683 adulterio,
1535 1612 1661 1691 periurio
1681 1657 1691 1688 ‚
1713 1619 1763 1678 cit.

88 1728 92 1740 ι
146 1709 259 1755 tatem.
281 1689 441 1749 eommunis
457 1705 508 1766 per
524 1705 638 1752 textum
660 1687 689 1748 in
708 1690 730 1750 Ι.
742 1693 831 1749 Omne
840 1711 876 1749 es
888 1708 938 1765 27.
976 1688 998 1749 l.
1029 1694 1104 1749 Cum
1125 1687 1227 1750 duobus
1250 1709 1297 1767 52.
1329 1688 1358 1762 §.
1381 1708 1428 1768 17.
1451 1690 1531 1752 (Μ.
1561 1693 1647 1774 ,Quod
1674 1713 1767 1760 aurem

143 1773 183 1849 ff.
206 1773 260 1831 Pro
275 1770 375 1848 lario,
397 1768 419 1830 l.
439 1770 471 1829 51·
490 1765 522 1828 hi
546 1790 572 1832 1.
591 1770 612 1831 Ι.
638 1767 725 1853 Qud
738 1768 768 1845 fi
789 1789 816 1850 3.
832 1769 871 1846 ff.
894 1772 939 1828 Da
977 1790 1012 1831 ete
1026 1769 1103 1846 furtu
1126 1790 1173 1848 53.
1188 1770 1226 1846 ff.
1250 1772 1304 1829 Pro
1319 1771 1420 1845 socio,
1452 1769 1495 1830 ita
1516 1791 1607 1852 neque
1636 1775 1766 1839 ceoletur

86 1855 128 1917 28
148 1856 255 1914 intem
276 1851 383 1928 uerso,
414 1870 475 1911 cum
492 1847 657 1924 fimilibus.
689 1851 717 1912 Si
751 1866 847 1912 autem
879 1848 937 1911 tale
978 1847 1052 1911 inita
1073 1848 1107 1912 de
1127 1847 1239 1910 damnis
1258 1892 1266 1923 ,
1288 1866 1350 1928 qua
1370 1844 1457 1910 frater
1476 1849 1642 1929 delinquens
1662 1853 1766 1919 sentire
1817 1887 1822 1894 ·

147 1928 327 1994 contractum
350 1929 478 1992 debiturn
501 1928 668 1994 conversum
690 1929 774 1993 luerit
796 1931 825 1992 in
844 1929 936 1993 lolum
958 1928 1060 2003 ,debet
1082 1930 1109 1990 in
1133 1948 1271 2008 prunam,
1292 1931 1339 1989 cit.
1361 1929 1383 1990 l.
1402 1935 1474 1991 Cum
1495 1929 1598 1994 duobus
1621 1953 1668 2012 52·
1684 1935 1713 2012 §.
1737 1959 1764 2015 3.

145 2011 295 2093 privatum
317 2009 504 2073 commodum
525 2011 748 2086 contrahentis,
781 2031 839 2076 noo
873 2009 940 2074 ellet
981 2010 1021 2074 (a
1041 2013 1071 2086 §.
1099 2011 1146 2071 18.
1164 2011 1202 2087 ff
1222 2014 1276 2071 Pro
1291 2010 1385 2087 socio.

144 2091 180 2154 de
203 2092 353 2156 communi
374 2089 560 2153 solvendum.
581 2097 762 2168 Communis,
786 2108 870 2156 textu
891 2113 938 2154 ec·
1020 2088 1229 2154 praescindendo
1257 2112 1275 2152 a
1304 2088 1438 2152 societate
1470 2089 1546 2154 inter
1575 2092 1689 2160 barres·
1703 2099 1767 2172 iure
1788 2113 1824 2180 32

147 2173 239 2256 prelio
261 2173 291 2232 in
310 2174 408 2315 liure
424 2171 565 2249 societatis
585 2173 638 2234 82.
651 2174 765 2251 [ΗΝ
781 2174 855 2250 fhciu
875 2191 940 2234 curu
982 2189 1060 2233 novo
1081 2173 1113 2231 in
1134 2171 1156 2232 l.
1178 2177 1214 2233 Ut
1234 2170 1327 2232 libetis
1351 2191 1398 2249 17.
1417 2171 1488 2232 ced.
1518 2171 1555 2232 de
1583 2176 1767 2242 Collarionib.

87 2275 112 2310 ν.
147 2253 306 2328 similibus,
380 2251 450 2314 facit
470 2254 492 2313 l.
518 2259 580 2315 Non
600 2253 751 2334 λεύκῃ.
767 2254 807 2329 ff.
831 2257 867 2315 de
886 2257 940 2312 Re·
982 2249 1115 2312 Anthene.
1141 2254 1181 2312 Ex
1202 2253 1381 2330 testamento,
1403 2253 1473 2314 cod.
1494 2256 1554 2314 eod.
1577 2257 1765 2322 titulatum.

141 2335 204 2416 gul.
221 2336 311 2414 juris,
336 2334 375 2397 ζ’)
396 2349 456 2413 cap.
476 2337 539 2396 Non
552 2333 688 2395 debetaz.
715 2335 751 2394 de
774 2335 873 2412 Regul.
892 2337 938 2413 ju·
979 2330 1013 2390 de
1034 2334 1167 2407 Trieute,
1193 2334 1233 2394 &
1248 2331 1357 2411 femiffe
1378 2333 1406 2406 §.
1420 2332 1495 2394 allud
1513 2357 1616 2414 quoque
1636 2339 1724 2400 collar.
1740 2363 1768 2420 3.

84 2436 126 2492 29
147 2417 189 2476 ris
209 2417 240 2474 in
263 2418 291 2475 6.
314 2416 349 2476 ln
371 2415 559 2478 contentione
581 2416 657 2477 inter
677 2413 778 2476 iratres
800 2414 829 2474 in
852 2433 938 2494 quem
981 2413 1117 2474 llatutum
1139 2414 1204 2489 est,
1234 2413 1312 2496 quod
1334 2409 1384 2494 ipli
1406 2410 1434 2473 in
1456 2413 1595 2479 divisione
1625 2417 1766 2482 beredita-

148 2493 232 2557 ulum
254 2493 340 2558 luerit
362 2495 490 2559 debiturn
513 2493 703 2569 conversum,
725 2515 798 2557 onus
819 2494 939 2575 proban·
981 2493 1021 2556 tis
1042 2511 1185 2572 paterna,
1198 2493 1236 2554 ἃ
1258 2507 1393 2556 maternae
1413 2491 1555 2558 adducent
1575 2498 1610 2558 ad
1632 2501 1765 2580 patritio·

147 2575 178 2637 di
192 2573 305 2658 „specior
326 2576 362 2638 ad
383 2575 466 2636 illum
491 2619 500 2650 ‚
522 2577 572 2655 qui
594 2576 653 2637 tale
674 2576 804 2638 debitum
826 2591 939 2638 contra·
981 2591 1046 2633 nem
1067 2594 1253 2636 communem
1275 2593 1339 2654 quae
1358 2573 1395 2634 ab
1416 2573 1480 2653 ipsis
1501 2575 1666 2642 vitentibus
1687 2601 1765 2646 acce·

146 2655 215 2718 xit:
238 2657 289 2737 qui
311 2657 330 2717 sr
353 2677 409 2719 non
420 2657 521 2736 probet
542 2653 797 2719 luilleronvcrsum
811 2655 839 2715 in
859 2675 937 2718 com·
979 2670 1110 2733 perant,
1132 2652 1291 2716 dummodo
1312 2653 1377 2734 iplis
1397 2653 1519 2734 exprelle
1539 2656 1585 2719 vel
1609 2660 1696 2724 tacite
1717 2680 1767 2745 pec

145 2756 268 2800 monem
291 2736 468 2812 utilitatem,
489 2736 573 2799 debet
595 2758 630 2800 etr
652 2736 701 2799 luo
717 2734 849 2811 solvere,
871 2736 940 2815 quia
979 2733 1153 2805 conjedluras
1173 2753 1230 2796 non
1251 2734 1465 2816 praesumantur,
1478 2734 1606 2814 donata,
1630 2740 1767 2805 leucon·
1856 2765 1859 2772 “

145 2817 179 2877 io
204 2816 255 2880 rali
277 2819 464 2882 contentione
485 2816 657 2881 aliit'ratres
688 2816 753 2880 sunt
773 2815 864 2879 veluti
886 2817 938 2878 Rei
980 2814 1104 2876 donata.
1127 2815 1167 2876 Et
1189 2814 1236 2876 bic
1258 2817 1287 2875 in
1310 2813 1399 2896 specle
1419 2813 1593 2896 assignantur
1612 2843 1672 2897 ea,
1702 2842 1766 2904 quet
1817 2858 1824 2866 ·

146 2897 178 2957 in
211 2897 350 2973 judicio,
390 2899 421 2961 δι
450 2899 506 2979 qui
530 2899 657 2961 debitum
693 2897 871 2969 contraxit,
901 2897 938 2958 ell
979 2893 1008 2953 in
1038 2892 1197 2974 partitione
1227 2895 1393 2960 hereditatis
1423 2897 1522 2979 adduci
1556 2900 1688 2977 debent,
1719 2903 1765 2968 vel

145 2977 266 3041 Adlor:
289 2978 393 3042 Adiori
415 2997 511 3040 autem
536 2979 678 3040 incumbit
700 2977 841 3060 probare3
861 2974 938 3056 quod
980 2993 1056 3036 nou.

146 3057 167 3118 ll
191 3079 248 3121 non
271 3059 395 3139 probet,
414 3060 489 3122 Reus
511 3057 689 3133 absolvitur,
711 3062 731 3119 l.
742 3061 808 3140 ‚Qui
825 3058 937 3135 arcusa·
1020 3053 1119 3118 Primo
1142 3055 1231 3136 igitur
1250 3058 1282 3120 in
1302 3057 1441 3125 divisione
1469 3079 1535 3123 curn
1566 3060 1683 3144 reliquis
1712 3061 1766 3130 fra·
1789 3082 1825 3148 33

144 3161 175 3198 ee
197 3160 226 3214 4.
235 3139 306 3201 cod.
327 3138 362 3200 de
382 3140 503 3213 edena'o3
523 3135 544 3200 l.
554 3138 639 3200 Adice
661 3161 678 3198 2
701 3183 709 3201 .
735 3138 805 3199 cod.
826 3140 862 3199 de
877 3155 939 3220 pro·
980 3134 1071 3199 tribus
1091 3136 1174 3200 deber
1195 3137 1268 3202 alter
1301 3138 1387 3204 frater
1416 3139 1551 3206 adducere
1585 3144 1615 3207 δι
1645 3164 1765 3226 compo·

80 3241 123 3302 30
145 3217 254 3285 barian.
273 3221 295 3280 l.
318 3222 355 3282 Ei
378 3241 405 3280 2.
422 3222 461 3299 ff.
484 3228 519 3282 ele
535 3217 643 3299 probae.
667 3160 708 3283 lit
739 3235 856 3281 mortuo
884 3216 955 3280 lta?
980 3232 1042 3279 tare
1064 3216 1094 3278 in
1116 3215 1195 3281 suam
1218 3236 1328 3301 partem
1354 3221 1534 3303 pecuniam,
1564 3244 1653 3304 quam
1686 3243 1766 3306 paret

147 3316 195 3365 tre
218 3343 227 3378 ,
247 3300 297 3381 qui
318 3303 467 3364 contraxit
487 3301 616 3365 debitunt
639 3301 669 3364 in
690 3300 877 3365 contentione
899 3298 940 3362 in·
981 3296 1155 3380 consumpfit
1175 3319 1229 3382 pro
1249 3299 1345 3364 lludiic
1367 3300 1478 3385 ipius,
1500 3301 1520 3364 fi
1540 3321 1623 3386 pater
1643 3306 1719 3386 apud
1738 3305 1766 3371 le

1605 3384 1769 3452 pube..

150 3542 312 3608 dimidium
333 3587 341 3618 ,
370 3544 413 3607 ob
432 3544 496 3608 bac
514 3551 599 3609 verba
620 3543 692 3626 legit
712 3565 746 3610 ex
768 3565 799 3606 ea
820 3559 906 3625 parre
922 3537 1044 3625 poenalia
1062 3564 1074 3614 ;x
1103 3545 1205 3604 Torum
1225 3541 1340 3607 lorumm
1357 3545 1475 3608 Domino
1494 3545 1604 3610 reddere
1624 3551 1765 3630 compella-

7 3633 10 3639 “
145 3645 214 3688 tter.
237 3647 267 3703 4.
288 3624 318 3687 Si
339 3623 501 3695 Thesaurus
521 3625 683 3691 inveniatur
701 3626 865 3706 inpletae,
891 3623 954 3688 foto
975 3620 1019 3692 vel
1042 3623 1091 3686 via
1113 3623 1244 3706 publica,
1266 3625 1466 3698 juxtamultot
1483 3626 1758 3696 divididebet‚rum

143 3705 218 3772 fisco
229 3731 243 3780 ,-
264 3708 348 3781 juxta
366 3705 441 3769 alios
462 3723 542 3770 totus
562 3707 600 3770 est
622 3706 808 3773 inventoris.
832 3707 866 3768 ln
888 3704 1023 3770 hisvero
1045 3704 1114 3766 ficut
1137 3706 1166 3765 in
1189 3704 1253 3767 aliie
1274 3701 1425 3786 spec‘landae
1447 3704 1511 3772 sunt
1534 3705 1668 3789 speciales
1689 3709 1765 3775 loco·

143 3810 216 3854 rum
240 3784 338 3869 leges,
359 3786 406 3852 vel
425 3787 660 3863 consuetudines,
681 3790 712 3852 δι
733 3786 874 3853 servanda
894 3829 902 3848 .
925 3787 970 3849 Sic
993 3786 1021 3845 in
1043 3782 1145 3848 Gallia
1164 3782 1309 3848 thesaurus
1331 3786 1361 3846 in
1382 3785 1478 3850 alieno
1497 3785 1586 3852 fundo
1609 3807 1766 3872 repertus,

141 3871 178 3932 in
204 3886 261 3931 tres
281 3883 376 3951 partes
396 3869 514 3951 aquales
532 3868 626 3932 dividi
647 3868 730 3933 debet
754 3914 764 3945 ,
793 3885 915 3948 quarum
937 3888 993 3929 una
1015 3867 1047 3929 fit
1070 3864 1230 3929 inventoris
1249 3908 1258 3939 ,
1279 3866 1370 3929 altera
1390 3865 1512 3932 Domini
1533 3865 1615 3930 fundi
1637 3913 1646 3944 ,
1680 3874 1768 3937 terrie

90 3978 96 3988 ¹
118 3949 302 4033 ,Dynalltc,
325 3946 370 4013 seu
392 3949 508 4014 alterius
528 3949 675 4025 justitiarii
695 3950 742 4014 vel
760 3948 872 4030 Regis,
897 3947 916 4009 st
937 3946 1012 4011 solus
1033 3947 1062 4006 iu
1085 3945 1152 4008 loco
1173 3941 1207 4008 sir
1229 3943 1310 4011 altus-
1325 3946 1511 4020 justitiarius.
1532 3948 1672 4025 Thesauri
1695 3973 1766 4016 veto

143 4029 322 4096 a..Domino
340 4029 421 4093 fundi
444 4031 556 4094 inventi
578 4030 673 4096 media
693 4049 758 4113 pare
778 4030 815 4093 ell
838 4029 1015 4104 inventoris,
1036 4026 1095 4090 alia
1117 4025 1268 4110 Dyuallrc,
1290 4027 1337 4094 vel
1358 4027 1444 4111 Regis
1459 4069 1472 4092 ,.
1494 4029 1593 4096 Imulo
1614 4033 1690 4098 circa
1710 4032 1767 4098 boc

143 4107 371 4182 vaticinatio
390 4111 481 4180 variis
500 4111 914 4196 provinciisconluetudiuec.
1020 4157 1023 4165 «
1083 4159 1088 4170 .
1185 4163 1200 4172 ..
1265 4127 1303 4176 ’.
1365 4119 1373 4136 ’
1511 4145 1515 4154 ·

698 4318 700 4326 ι
785 4235 1195 4357 ..ΙίιῙρωιΙίυΑιιὲἷονίι.ἰι
1314 4295 1321 4321 ’-
1388 4240 1416 4258 ’ἢ

157 4485 161 4494 a
192 4437 281 4503 Citra
299 4438 495 4517 Donululum,
516 4435 597 4523 quod
618 4439 783 4505 inventores
803 4435 832 4500 in
847 4433 1019 4501 'thesaurum
1040 4434 1214 4518 acquirunt,
1237 4429 1317 4500 ultra
1333 4453 1384 4510 ea,
1405 4445 1468 4517 quo
1490 4429 1538 4498 bic
1551 4433 1643 4506 'trado
1660 4481 1670 4509 ,
1697 4433 1766 4521 Ego

146 4519 214 4584 alia
233 4521 401 4606 quamplura
421 4522 527 4587 tradidi
549 4525 609 4598 jam
630 4521 660 4584 in
683 4520 762 4585 rerb.
784 4523 970 4593 Domitium,
992 4533 1047 4598 ant
1072 4538 1100 4598 3.
1122 4541 1140 4578 a
1160 4537 1206 4580 aar.
1232 4523 1280 4580 τό.
1301 4516 1340 4578 ad
1358 4536 1408 4596 45.
1432 4515 1596 4590 includite,
1628 4515 1674 4580 ubi
1698 4539 1764 4580 curn

148 4599 307 4666 affillentia
325 4603 411 4680 jurio,
426 4601 638 4668 'br'dodlorum
661 4600 819 4684 albgnarl,
840 4598 956 4682 quando
977 4595 1176 4677 &quomodo
1199 4597 1235 4662 ab
1251 4597 1454 4666 *inventoribus
1475 4599 1505 4662 in
1526 4597 1689 4662 thesaurum
1716 4599 1765 4662 do·

147 4681 281 4750 minium
298 4684 482 4767 acquiratur,
501 4685 533 4750 oc
552 4681 667 4768 quaudo
693 4703 772 4748 non.
791 4682 867 4746 Vide
889 4681 929 4742 ibi
948 4679 1042 4743 multe
1064 4678 1100 4744 ad
1120 4699 1201 4743 teuta
